

@incollection{wald:1979,
	Address = {New York},
	Author = {Benji Wald},
	Booktitle = {Discourse and Syntax},
	Editor = {Talmy Givón},
	Pages = {505--24},
	Publisher = {Academic Press},
	Series = {Syntax and Semantics},
	Title = {The Development of the {Swahili} Object Marker: {A} Study of the Interaction of Syntax and Discourse},
	Volume = {12},
	Year = {1979}}

@book{bopp:1842,
	Address = {Berlin},
	Author = {Franz Bopp},
	Publisher = {Ferdinand Dümmler},
	Title = {{Vergleichende Grammatik des Sanskrit, Zend, Griechischen, Lateinischen, Litthauischen, Gothischen und Deutschen} [{Comparative} Grammar of {Sanskrit}, {Zend}, {Greek}, {Latin}, {Lithuanian}, {Old Slavic}, {Gothic}, and {German}]},
	Year = 1842}

@incollection{Head:1978,
	Address = {Stanford, California},
	Author = {Head, Brian F.},
	Booktitle = {Universals of {Human} {Language}: {Vol}. 3, {Word} {Structure}},
	Date-Added = {2018-08-12 17:26:26 -0500},
	Date-Modified = {2018-08-12 17:26:26 -0500},
	Editor = {Greenberg, Joseph H.},
	Pages = {151--212},
	Publisher = {Stanford University Press},
	Title = {Respect degrees in pronominal reference},
	Year = {1978}}

@book{Kathol:2000,
	Address = {Oxford},
	Author = {Kathol, Andreas},
	Date-Added = {2018-08-12 16:13:25 -0500},
	Date-Modified = {2018-08-12 17:50:02 -0500},
	Publisher = {Oxford University Press},
	Title = {Linear {Syntax}},
	Year = {2000}}

@incollection{reape:1994,
	Address = {Stanford},
	Author = {Reape, Mike},
	Booktitle = {German in {Head}-{Driven} {Phrase} {Structure} {Grammar}},
	Date-Added = {2018-08-12 16:12:24 -0500},
	Date-Modified = {2018-08-12 16:12:24 -0500},
	Editor = {Nerbonne, John and Netter, Klaus and Pollard, Carl J.},
	Number = {46},
	Pages = {151--198},
	Publisher = {CSLI Publications},
	Series = {{CSLI} {Lecture} {Notes}},
	Title = {Domain {Union} and {Word} {Order} {Variation} in {German}},
	Year = {1994}}

@phdthesis{bruening:2001,
	Author = {Benjamin Bruening},
	Date-Added = {2018-08-12 16:04:34 -0500},
	Date-Modified = {2018-08-12 16:04:34 -0500},
	School = {MIT},
	Title = {Syntax at the edge: Cross-clausal phenomena and the syntax of {P}assamaquoddy},
	Year = {2001}}

@article{polinsky+potsdam:2001,
	Author = {Maria Polinsky and Eric Potsdam},
	Date-Added = {2018-08-12 16:03:35 -0500},
	Date-Modified = {2018-08-12 16:03:35 -0500},
	Journal = {Natural Language and Linguistic Theory},
	Number = {19},
	Pages = {583--646},
	Title = {Long-Distance Agreement and Topic in {T}sez},
	Volume = {19},
	Year = {2001}}

@article{bhatt:2005,
	Author = {Rajesh Bhatt},
	Date-Added = {2018-08-12 16:02:31 -0500},
	Date-Modified = {2018-08-12 16:02:31 -0500},
	Journal = {Natural Language and Linguistic Theory},
	Number = {4},
	Pages = {757--807},
	Title = {Long Distance Agreement in {Hindi-Urdu}},
	Volume = {23},
	Year = {2005}}

@article{Mccloskey:1991,
	Author = {McCloskey, James},
	Date-Added = {2018-08-12 12:20:13 -0500},
	Date-Modified = {2018-08-12 12:20:32 -0500},
	Journal = {Linguistic {I}nquiry},
	Number = {3},
	Pages = {563--567},
	Title = {There, it, and agreement},
	Volume = {22},
	Year = {1991}}

@article{Faarlund:1977,
	Author = {Faarlund, Jan Terje},
	Date-Added = {2018-08-12 12:08:56 -0500},
	Date-Modified = {2018-08-12 12:09:40 -0500},
	Journal = {Journal of Linguistics},
	Month = sep,
	Number = {2},
	Pages = {239--257},
	Title = {Embedded {Clause} {Reduction} and {Scandinavian} {Gender} {Agreement}},
	Volume = {13},
	Year = {1977},
	Bdsk-Url-1 = {http://www.jstor.org/stable/4175398}}

@article{Josefsson:2009,
	Author = {Josefsson, Gunlög},
	Date-Added = {2018-08-12 12:07:46 -0500},
	Date-Modified = {2018-08-12 12:07:46 -0500},
	Journal = {Nordic Journal of Linguistics},
	Number = {01},
	Pages = {35--72},
	Title = {Peas and {Pancakes}: {On} apparent disagreement and (null) light verbs in {Swedish}},
	Volume = {32},
	Year = {2009}}

@article{Enger:2004,
	Author = {Enger, Hans-Olav},
	Date-Added = {2018-08-12 12:05:36 -0500},
	Date-Modified = {2018-08-12 12:05:36 -0500},
	Journal = {Nordic Journal of Linguistics},
	Number = {01},
	Pages = {5--34},
	Title = {Scandinavian pancake sentences as semantic agreement},
	Volume = {27},
	Year = {2004}}

@incollection{reid:1997,
	Address = {Amsterdam},
	Author = {Nicholas Reid},
	Booktitle = {Nominal classification in Aboriginal {Australia}},
	Date-Added = {2018-08-11 23:45:28 -0500},
	Date-Modified = {2018-08-12 17:55:07 -0500},
	Editor = {Mark Harvey and Nicholas Reid},
	Pages = {165--228},
	Publisher = {John Benjamins},
	Title = {Class and Classifier in {N}gan'gityemerri},
	Year = {1997}}

@article{Grinevald+Seifart:2004,
	Author = {Grinevald, Colette and Seifart, Frank},
	Date-Added = {2018-08-11 23:43:09 -0500},
	Date-Modified = {2018-08-11 23:43:09 -0500},
	Journal = {Linguistic Typology},
	Number = {2},
	Pages = {243--285},
	Title = {Noun classes in {African} and {Amazonian} languages: {Towards} a comparison},
	Volume = {8},
	Year = {2004}}

@incollection{Seifart:2009,
	Address = {Berlin},
	Author = {Seifart, Frank},
	Booktitle = {New {Challenges} in {Typology}: {Transcending} the {Borders} and {Refining} the {Distinctions}},
	Date-Added = {2018-08-11 23:43:09 -0500},
	Date-Modified = {2018-08-11 23:43:09 -0500},
	Editor = {Epps, Patience and Arkhipov, Alexandre},
	Pages = {365--385},
	Publisher = {Walter de Gruyter},
	Title = {Multidimensional typology and {Miraña} class markers},
	Year = {2009}}

@book{corbett:2006,
	Address = {Cambridge},
	Author = {Greville Corbett},
	Date-Added = {2018-08-11 23:38:50 -0500},
	Date-Modified = {2018-08-11 23:38:50 -0500},
	Publisher = {Cambridge University Press},
	Title = {Agreement},
	Year = {2006}}

@incollection{greenberg:1978,
	Address = {Stanford},
	Author = {Joseph H. Greenberg},
	Booktitle = {Word Structure},
	Date-Added = {2018-08-11 23:38:17 -0500},
	Date-Modified = {2018-08-11 23:38:17 -0500},
	Editor = {Joseph H. Greenberg and Charles A. Ferguson and Edith A. Morovcsik},
	Publisher = {Stanford University Press},
	Series = {Universals of Human Language},
	Title = {How does a language acquire gender markers?},
	Volume = {III},
	Year = {1978}}

@incollection{Sells+etal:1987,
	Address = {Stanford},
	Author = {Peter Sells and Annie Zaenen and Draga Zec},
	Booktitle = {Working Papers in Grammatical Theory and Discourse Structure: Interactions of Morphology, Syntax, and Discourse},
	Date-Added = {2018-08-11 22:48:51 -0500},
	Date-Modified = {2018-08-11 22:49:04 -0500},
	Editor = {Masayo Iida and and Stephen Wechsler and Draga Zec},
	Pages = {169--238},
	Publisher = {CSLI Publications},
	Title = {Reflexivization variation},
	Year = 1987}

@incollection{zlatic:1996,
	Author = {Larisa Zlatić},
	Booktitle = {{First LINGUIST Electronic Conference on Geometric and Thematic Structure in Binding}},
	Date-Added = {2018-08-11 22:36:34 -0500},
	Date-Modified = {2018-08-11 22:36:34 -0500},
	Publisher = {LinguistList},
	Title = {Syntactico-Semantic Approach to Binding: {Evidence} from {Serbian}},
	Year = 1996}

@article{bresnan+mchombo:1987,
	Author = {Joan Bresnan and Sam Mchombo},
	Date-Added = {2018-08-11 22:25:03 -0500},
	Date-Modified = {2018-08-11 22:25:03 -0500},
	Journal = {Language},
	Pages = {741--82},
	Title = {Topic, Pronoun, and Agreement in {Chicheŵa}},
	Volume = {63},
        doi = {10.2307/415717},
	Year = {1987}}

@book{Haegeman:1992,
	Address = {Cambridge, England},
	Author = {Haegeman, Liliane},
	Date = {1992},
	Date-Added = {2018-08-11 20:20:14 -0500},
	Date-Modified = {2018-08-11 20:20:14 -0500},
	Publisher = {Cambridge University Press},
	Title = {Theory and description in generative syntax: A case study in {West Flemish}},
	Year = {1992}}

@book{Bresnan+etal:2015-not-used,
	Address = {Oxford, UK/Cambridge, USA},
	Author = {Joan Bresnan and Ash Asudeh and Ida Toivonen and Stephen Mark Wechsler},
	Booktitle = {Lexical-Functional Syntax},
	Date-Added = {2018-08-11 20:15:55 -0500},
	Date-Modified = {2018-08-11 20:15:55 -0500},
	Doi = {10.1002/9781119105664},
	Edition = {2},
	Isbn = {9781119105664},
	Publisher = blackwell,
	Title = {Lexical-Functional Syntax},
	Year = {2015},
	Bdsk-Url-1 = {http://dx.doi.org/10.1002/9781119105664}}

@book{fuss:2005,
	Address = {Amsterdam},
	Author = {Eric Fuss},
	Date-Added = {2018-08-11 20:12:06 -0500},
	Date-Modified = {2018-08-11 20:12:06 -0500},
	Publisher = {John Benjamins},
	Title = {The Rise of Agreement: A Formal Approach to the Syntax and Grammaticalization of Verbal Inflection},
	Year = {2005}}

@incollection{ariel:1999,
	Address = {Stanford},
	Author = {Mira Ariel},
	Booktitle = {Usage-based Models of Language},
	Date-Added = {2018-08-11 20:11:35 -0500},
	Date-Modified = {2018-08-11 20:11:35 -0500},
	Editor = {Michael Barlow and Suzanne Kemmer},
	Pages = {197--260},
	Publisher = {CSLI Publications},
	Title = {The Development of Person Agreement Markers: From Pronouns to Higher Accessibility Markers},
	Year = {1999}}

@incollection{givon:1976,
	Address = {New York},
	Author = {Talmy Givón},
	Booktitle = {Subject and Topic},
	Date-Added = {2018-08-11 20:10:31 -0500},
	Date-Modified = {2018-08-11 20:10:31 -0500},
	Editor = {Charles N. Li},
	Pages = {149--88},
	Publisher = {Academic Press},
	Title = {Topic, pronoun and grammatical agreement},
	Year = {1976}}

@unpublished{wechsler+epps+coppock:2010,
	Author = {Wechsler, Stephen and Patience Epps and Elizabeth Coppock},
	Date-Added = {2018-08-11 20:09:13 -0500},
	Date-Modified = {2018-08-11 20:09:13 -0500},
	Note = {Project description, National Science Foundation grant application},
	Title = {The Origin and Distribution of Agreement Features: a Typological Investigation},
	Year = {2010}}

@book{Kay:1984,
	Author = {Kay, Martin},
	Booktitle = {Proceedings of the 10th International Conference on Computational Linguistics},
	Date = {1984},
	Date-Added = {2018-08-11 18:56:55 -0500},
	Date-Modified = {2018-08-11 18:56:55 -0500},
	Pages = {75--78},
	Publisher = {Association for Computational Linguistics},
	Title = {Functional unification grammar: A formalism for machine translation},
	Year = {1984}}

@article{Borsley:2009,
	Author = {Borsley, Robert D.},
	Date = {2009},
	Date-Added = {2018-08-10 15:57:29 -0500},
	Date-Modified = {2018-08-12 17:47:41 -0500},
	Journal = {Natural Language and Linguistic Theory},
	Number = {2},
	Pages = {225--265},
	Publisher = {Springer},
	Title = {On the superficiality of {Welsh} agreement},
	Volume = {27},
	Year = {2009}}

@article{Comrie:1975,
	Author = {Comrie, Bernard},
	Date-Added = {2018-08-09 17:49:17 -0500},
	Date-Modified = {2018-08-09 17:49:17 -0500},
	Journal = {Language},
	Number = {2},
	Pages = {406--418},
	Title = {Polite {Plurals} and {Predicate} {Agreement}},
	Volume = {51},
	Year = {1975}}

@incollection{Wechsler:2013,
	Address = {Stanford},
	Author = {Stephen Wechsler},
	Booktitle = {The core and the periphery: {D}ata-driven perspectives on syntax inspired by {Ivan A. Sag}},
	Date-Added = {2018-08-09 14:21:26 -0500},
	Date-Modified = {2018-08-09 14:21:26 -0500},
	Editor = {Norcliffe, Elisabeth and Hofmeister, Philip},
	Pages = {71--98},
	Publisher = {CSLI publications},
	Title = {The structure of {Swedish} \emph{pancakes}},
	Year = {2013}}

@article{Wechsler:2011,
	Author = {Stephen Wechsler},
	Date-Added = {2018-08-08 18:15:50 -0500},
	Date-Modified = {2018-08-08 18:15:58 -0500},
	Journal = {Natural Language and Linguistic Theory},
	Month = Nov,
	Number = {4},
	Pages = {999--1031},
	Title = {Mixed Agreement, the Person Feature, and the {Index}/{Concord} Distinction},
	Volume = {29},
	Year = {2011}}

@inproceedings{Danon:2009,
	Author = {Danon, Gabi},
	Booktitle = {{Colloque de Syntaxe et Sémantique à Paris}},
	Date-Added = {2018-08-02 17:46:08 -0500},
	Date-Modified = {2018-08-12 11:35:54 -0500},
	Optdate = {23--25 September 2009},
	Organization = {CSSP 2009},
	Title = {Agreement with quantified nominals: {Implications} for feature theory},
	Year = {2009}}

@article{king+dalrymple:2004,
	Author = {Tracy Halloway King and Mary Dalrymple},
	Date-Added = {2018-08-02 17:41:32 -0500},
	Date-Modified = {2018-08-02 17:41:32 -0500},
	Journal = {Journal of Linguistics},
	Pages = {69--104},
	Title = {Determiner Agreement and Noun Conjunction},
	Volume = {40},
	Year = {2004}}

@article{Wechsler+Zlatic:2000,
	Author = {Wechsler, Stephen and Zlatić, Larisa},
	Date-Added = {2018-08-02 17:28:20 -0500},
	Date-Modified = {2018-08-12 11:37:43 -0500},
	Issue = {4},
	Journal = {Language},
	Pages = {799--832},
	Title = {A Theory of Agreement and Its Application to {Serbo-Croatian}},
	Volume = {76},
	Year = {2000}}



@book{Sag+etal:2003,
	Address = stanford,
	Author = {Ivan A. Sag and Thomas Wasow and Emily M. Bender},
	Date-Added = {2018-07-29 13:15:12 -0500},
	Date-Modified = {2018-07-29 13:15:18 -0500},
	Edition = {2},
	Number = {152},
	Publisher = cslip,
	Series = {CSLI Lecture Notes},
	Title = {Syntactic Theory: {A} Formal Introduction},
	Year = {2003}}


@article{LeSourd:2018,
	Author = {LeSourd, Philip S.},
	Date-Added = {2018-07-27 17:02:20 -0500},
	Date-Modified = {2018-08-12 11:38:43 -0500},
	Journal = {Journal of {Linguistics}},
	Title = {Raising and Long Distance Agreement in {Passamaquoddy}: {A} Unified Analysis},
	Year = {2018}}

@phdthesis{Barlow:1988,
	Author = {Barlow, Michael},
	Date-Added = {2018-07-27 17:01:06 -0500},
	Date-Modified = {2018-07-27 17:01:06 -0500},
	School = {Stanford University},
	Title = {A Situated Theory of Agreement},
	Type = {PhD thesis},
	Year = {1988}}
