
@comment{jabref-meta: databaseType:bibtex;}



@incollection{Bresnan:1982passive,
	Address = {Cambridge, MA/""London},
	Author = {Joan Bresnan},
	Booktitle = {The Mental Representation of Grammatical Relations},
	Crossref = {Bresnan82a-ed},
	Date-Added = {2018-07-28 20:28:49 -0500},
	Date-Modified = {2018-07-28 20:30:47 -0500},
	Editor = {Joan Bresnan},
	Pages = {3--86},
	Publisher = {{MIT} {P}ress},
	Title = {The Passive in Lexical Theory},
	Year = {1982}}

@inproceedings{AMM2013a-wrong-removed,
	Author = {Farrell Ackerman and Robert Malouf and John Moore},
	Crossref = {Mueller2013a-ed},
	Title = {Symmetric objects in {Moro}}}

@incollection{Reis82-duplicate,
	Author = {Marga Reis},
	Crossref = {Abraham82a-ed},
	Pages = {171--211},
	Title = {{Zum Subjektbegriff im Deutschen}}}

@incollection{Gerdts1992,
	Address = {Berkeley, CA},
	Author = {Donna Gerdts},
	Booktitle = {Proceedings of the 18th Annual Meeting of the Berkeley Linguistics Society},
	Editor = {Laura Buszard-Welcher et al.},
	Pages = {322--337},
	Publisher = {Berkeley Linguistics Society},
	Title = {Morphologically-Mediated Relational Profiles},
	Year = {1992}}

@book{Mueller:2002,
	Address = stanford,
	Author = {Stefan Müller},
	Booktitle = {Complex Predicates: {Verbal} Complexes, Resultative Constructions, and Particle Verbs in {German}},
	Date-Added = {2018-07-30 17:09:52 -0500},
	Date-Modified = {2018-07-30 17:10:06 -0500},
	Number = {13},
	Publisher = cslip,
	Series = {Studies in Constraint"=Based Lexicalism},
	Title = {Complex Predicates: {Verbal} Complexes, Resultative Constructions, and Particle Verbs in {German}},
	Year = {2002}}

@incollection{Carlson1998,
	Address = {Dordrecht},
	Author = {Greg Carlson},
	Booktitle = {Events and Grammar},
	Editor = {Susan Rothstein},
	Pages = {35-51},
	Publisher = {Kluwer},
	Title = {Thematic roles and the individuation of events},
	Year = {1998}}

@book{Goldberg1995-duplicate-fixed-removed,
	Address = {Chicago},
	Author = {Goldberg, Adele},
	Publisher = {Chicago University Press},
	Title = {Constructions: A Construction Grammar Approach to Argument Structure},
	Year = {1995}}

@article{Wechsler+Arka:1998,
	Author = {Wechsler, Stephen and Arka, I Wayan},
	Journal = {Natural Language and Linguistic Theory},
	Pages = {387-442},
	Title = {Syntactic ergativity in {Balinese}: an argument structure based theory},
	Volume = {16},
	Year = {1998}}

@book{Dowty:1979a,
	Address = {Dordrecht, Netherlands},
	Author = {David R. Dowty},
	Date-Added = {2014-11-01 16:26:43 +0000},
	Date-Modified = {2018-08-01 22:23:22 -0500},
	Doi = {10.1007/978-94-009-9473-7},
	Publisher = {Reidel},
	Series = {Studies in Linguistics and Philosophy},
	Title = {Word Meaning and Montague Grammar: The semantics of verbs and times in generative semantics and in {M}ontague's {PTQ}},
	Volume = {7},
	Year = {1979},
	Bdsk-Url-1 = {http://dx.doi.org/10.1007/978-94-009-9473-7}}

@incollection{LadusawandDowty1988,
	Address = {New York},
	Author = {Ladusaw, William and Dowty, David},
	Booktitle = {Syntax and semantics 21: Thematic relations},
	Editor = {Wilkins, Wendy},
	Pages = {62-74},
	Publisher = {Academic Press},
	Title = {Toward a nongrammatical account of thematic roles},
	Year = {1988}}

@article{Guilfoyle+etal:1992,
	Author = {Guilfoyle, Eithne and Hung, Henrietta and Travis, Lisa},
	Date = {1992},
	Journal = {Natural Language and Linguistic Theory},
	Number = {3},
	Pages = {375--414},
	Publisher = {Springer},
	Title = {Spec of {IP} and {Spec} of {VP}: Two subjects in {Austronesian} languages},
	Volume = {10},
	Year = {1992}}

@article{KimandSag2002-incomplete-removed,
	Author = {Jong-Bok Kim and Ivan Sag},
	Journal = {Natural Language and Linguistic Theory},
	Pages = {339-412},
	Title = {Negation Without Head Movement},
	Volume = {20},
	Year = {2002}}

@article{Mueller+Wechsler:2014,
	Author = {Stefan Müller and Stephen Mark Wechsler},
	Date-Added = {2018-07-28 20:25:59 -0500},
	Date-Modified = {2018-07-28 20:25:59 -0500},
	Doi = {10.1515/tl-2014-0001},
	Journal = {Theoretical Linguistics},
	Number = {1--2},
	Pages = {1--76},
	Title = {Lexical Approaches to Argument Structure},
	Volume = {40},
	Year = {2014},
	Bdsk-Url-1 = {http://dx.doi.org/10.1515/tl-2014-0001}}

@incollection{Wechsler1995,
	Address = {Stanford},
	Author = {Wechsler, Stephen},
	Booktitle = {Proceedings of {WCCFL XIII}},
	Editor = {Raul Aranovich and William Byrne and Susanne Preuss and Matha Senturia},
	Pages = {416--431},
	Publisher = {CSLI Publications},
	Title = {Preposition Selection Outside the Lexicon},
	Year = {1995}}

@book{Aissen1979,
	Address = {New York},
	Author = {Aissen, Judith},
	Optnote = {Thesis (Ph. D.)--Harvard University, 1974.},
	Publisher = {Garland},
	Title = {The Syntax of Causative Constructions},
	Year = {1979}}

@book{SWB2003a-duplicate,
	Address = stanford,
	Author = {Ivan A. Sag and Thomas Wasow and Emily M. Bender},
	Edition = {2},
	Number = {152},
	Publisher = cslip,
	Series = {CSLI Lecture Notes},
	Title = {Syntactic Theory: {A} Formal Introduction},
	Year = {2003}}

@article{KeenanandComrie1977,
	Author = {Edward Keenan and Bernard Comrie},
	Journal = {Linguistic Inquiry},
	Pages = {63-99},
	Title = {Noun phrase accessibility and universal grammar},
	Volume = {8},
	Year = {1977}}

@book{Davis2001-duplicate,
	Address = {Stanford},
	Author = {Anthony Davis},
	Publisher = {CSLI Publications},
	Title = {Linking by Types in the Hierarchical Lexicon},
	Year = {2001}}

@article{Gawron1986,
	Author = {Gawron, Jean Mark},
	Journal = {Linguistics and Philosophy},
	Pages = {327--382},
	Title = {Situations and Prepositions},
	Volume = {9},
	Year = {1986}}

@incollection{hale+keyser:1993,
	Address = {Cambridge, MA},
	Author = {Kenneth Hale and Samuel Jay Keyser},
	Booktitle = {The View from Building 20},
	Date-Modified = {2008-12-03 20:05:35 -0600},
	Editor = {Kenneth Hale and Samuel Jay Keyser},
	Pages = {53--109},
	Publisher = {MIT Press},
	Title = {On Argument Structure and the Lexical Expression of Syntactic Relations},
	Year = {1993}}

@article{Beavers2010,
	Author = {John Beavers},
	Journal = {Language},
	Pages = {821--864},
	Title = {The structure of lexical meaning: Why semantics really matters},
	Volume = {86},
	Year = {2010}}

@incollection{Fillmore1977,
	Address = {New York},
	Author = {Fillmore, Charles},
	Booktitle = {Grammatical Relations},
	Editor = {Cole, Peter and Sadock, Jerold},
	Pages = {59-81},
	Publisher = {Academic Press},
	Title = {The case for case reopened},
	Year = {1977}}

@book{Manning1996,
	Address = {Stanford, CA},
	Author = {Christopher Manning},
	Publisher = {CSLI publications},
	Title = {Ergativity: Argument Structure and Grammatical Relations},
	Year = {1996}}

@phdthesis{Davis1996,
	Author = {Davis, Anthony},
	Booktitle = {PhD thesis},
	School = {Stanford University},
	Title = {Lexical Semantics and Linking in the Hierarchical Lexicon},
	Year = {1996}}

@book{Bresnan82a-ed-duplicate,
	Address = {Cambridge, MA/""London},
	Booktitle = {The Mental Representation of Grammatical Relations},
	Editor = {Joan Bresnan},
	Publisher = mitpress,
	Series = {MIT Press Series on Cognitive Theory and Mental Representation},
	Title = {The Mental Representation of Grammatical Relations},
	Year = {1982}}

@proceedings{Mueller2013a-ed-duplicate,
	Address = stanford,
	Booktitle = {Proceedings of the {20th International Conference on Head-Driven Phrase Structure Grammar, Freie Universität Berlin}},
	Editor = {Stefan Müller},
	Publisher = cslip,
	Title = {Proceedings of the {20th International Conference on Head-Driven Phrase Structure Grammar, Freie Universität Berlin}},
	Url = {http://csli-publications.stanford.edu/HPSG/2013/},
	Urldate = {2018-02-25},
	Year = {2013},
	Bdsk-Url-1 = {http://csli-publications.stanford.edu/HPSG/2013/}}

@book{Baker1988,
	Address = {Chicago},
	Author = {Baker, Mark},
	Publisher = {Chicago University Press},
	Title = {Incorporation},
	Year = {1988}}

@incollection{Wechsler1999-duplicate,
	Address = {Standford, CA},
	Author = {Stephen Wechsler},
	Booktitle = {Lexical and Constructional Aspects of Linguistic Explanation},
	Date-Added = {2018-07-27 16:20:00 -0500},
	Date-Modified = {2018-07-27 16:20:00 -0500},
	Editor = {Gert Webelhuth and Jean-Pierre Koenig and Andreas Kathol},
	Pages = {179--195},
	Publisher = {CSLI publications},
	Title = {{HPSG}, {GB}, and the {Balinese} Bind},
	Year = {1999}}

@incollection{VanValin1999,
	Address = {The Hague, The Netherlands},
	Author = {Van Valin, Robert},
	Booktitle = {Empirical issues in Formal Syntax and Semantics 2},
	Pages = {373-388},
	Publisher = {Thesus},
	Title = {Generalized Semantic Roles and the Syntax-Semantics Interface},
	Year = {1999}}

@incollection{Wechsler2005result-duplicate,
	Author = {Wechsler, Stephen Mark},
	Booktitle = {The Syntax of Aspect---{Deriving} Thematic and Aspectual Interpretation},
	Editor = {Nomi Erteschik-Shir and Tova Rapoport},
	Pages = {255--273},
	Publisher = {Oxford University Press},
	Title = {Resultatives under the Event-Argument Homomorphism Model of Telicity},
	Year = {2005}}

@incollection{Evans2002,
	Address = {Berlin},
	Author = {Nicholas Evans},
	Booktitle = {Problems of polysynthesis},
	Editor = {Nicholas Evans and Hans-Jürgen Sasse},
	Pages = {15-50},
	Publisher = {Akademie Verlag},
	Title = {The true status of grammatical object affixes: evidence from {B}ininj {G}un-{W}ok},
	Year = {2002}}

@article{MWArgSt-duplicate,
	Author = {Stefan Müller and Stephen Mark Wechsler},
	Doi = {10.1515/tl-2014-0001},
	Journal = {Theoretical Linguistics},
	Number = {1--2},
	Pages = {1--76},
	Title = {Lexical Approaches to Argument Structure},
	Volume = {40},
	Year = {2014},
	Bdsk-Url-1 = {http://dx.doi.org/10.1515/tl-2014-0001}}

@article{MillerandSag1997-duplicate,
	Author = {Philip Miller and Ivan Sag},
	Journal = {Natural Language and Linguistic Theory},
	Pages = {573--639},
	Title = {French clitic movement without clitics or movement},
	Volume = {15},
	Year = {1997}}

@article{DavisandKoenig2000b-duplicate,
	Author = {Anthony Davis and Jean-Pierre Koenig},
	Journal = {Language},
	Pages = {56--91},
	Title = {Linking as constraints on word classes in a hierarchical lexicon},
	Volume = {76},
	Year = {2000}}

@incollection{Baker1997,
	Author = {Mark Baker},
	Booktitle = {Elements of Grammar},
	Editor = {Liliane Haegeman},
	Pages = {73-137},
	Publisher = {Kluwer},
	Title = {Thematic Roles and Syntactic Structures},
	Year = {1997}}

@article{MaunerandKoenig2000,
	Author = {Gail Mauner and Jean-Pierre Koenig},
	Journal = {Journal of Memory and Language},
	Pages = {110-134},
	Title = {Linguistic vs. Conceptual Sources of Implicit Agents in Sentence Comprehension},
	Volume = {43},
	Year = {2000}}

@book{FoleyandvanValin1984,
	Address = {Cambridge},
	Author = {Foley, William and Van Valin, Robert},
	Publisher = {Cambridge University Press},
	Title = {Functional Syntax and Universal Grammar},
	Year = {1984}}

@book{Levin1993,
	Address = {Chicago, IL},
	Author = {Levin, Beth},
	Publisher = {Chicago University Press},
	Title = {English Verb Classes and Alternations},
	Year = {1993}}

@book{AckermanandMoore2001,
	Address = {Stanford},
	Author = {Farrell Ackerman and John Moore},
	Publisher = {CSLI Publications},
	Title = {Proto-properties and Grammatical Encoding: A Correspondence Theory of Argument Selection},
	Year = {2001}}

@incollection{Wechsler:2005,
	Author = {Stephen Wechsler},
	Booktitle = {Grammar and Beyond -- Essays in honour of {Lars} {Hellan}},
	Date-Modified = {2018-08-01 13:27:16 -0500},
	Editor = {Mila Vulchanova and Tor A. Åfarli},
	Publisher = {Novus Press},
	Title = {What is right and wrong about little v},
	Year = {2005}}

@book{greenberg:1966,
	Address = {The Netherlands},
	Author = {Joseph H. Greenberg},
	Date-Added = {2010-06-30 22:28:28 -0500},
	Date-Modified = {2010-06-30 22:29:02 -0500},
	Publisher = {Mouton},
	Title = {Language Universals},
	Year = {1966}}

@article{KoenigandMichelson2015a,
	Author = {Jean-Pierre Koenig and Karin Michelson},
	Journal = {Language},
	Pages = {1--47},
	Title = {Invariance in argument realization: The case of {Iroquoian}},
	Volume = {91},
	Year = {2015}}

@article{KoenigandDavis2001,
	Author = {Jean-Pierre Koenig and Anthony Davis},
	Journal = {Linguistics and Philosophy},
	Pages = {71-124},
	Title = {Sublexical Modality and the Structure of Lexical Semantic Representations},
	Volume = {24},
	Year = {2001}}

@inproceedings{Copestakeetal2001,
	Address = {Toulouse, France},
	Author = {Ann Copestake and Alex Lascarides and Dan Flickinger},
	Booktitle = {Proceedings of the 39th {ACL} meeting},
	Title = {An Algebra for Semantic Construction in Constraint-based Grammars},
	Year = {2001}}

@incollection{HinrichsandNakazawa1994,
	Address = {Stanford},
	Author = {Erhard Hinrichs and Tsuneko Nakazawa},
	Booktitle = {German in {Head}-driven {Phrase}-{Structure} {Grammar}},
	Editor = {John Nerbonne and Klaus Netter and Carl Pollard},
	Pages = {11--37},
	Publisher = {{CSLI} Publications},
	Title = {Linearizing {AUX}s in {German} Verbal Complexes},
	Year = {1994}}

@article{Boumaetal2001-duplicate,
	Author = {Gosse Bouma and Robert Malouf and Ivan Sag},
	Journal = {Natural Language and Linguistic Theory},
	Pages = {1-65},
	Title = {Satisfying constraints on extraction and adjunction},
	Volume = {19},
	Year = {2001}}

@article{Copestakeetal2005-remove-duplicate-argst-wrong-decapitalization,
	Author = {Ann Copestake and Dan Flickinger and Carl Pollard and Ivan Sag},
	Doi = {10.1007/s11168-006-6327-9},
	Journal = {Research on Language and Computation},
	Pages = {281--332},
	Title = {Minimal {Recursion} {Semantics}: {An} {Introduction}},
	Volume = {3},
	Year = {2005},
	Bdsk-Url-1 = {https://doi.org/10.1007/s11168-006-6327-9}}

@book{Abraham82a-ed-duplicate,
	Address = {Tübingen},
	Booktitle = {{Satzglieder im Deutschen -- Vorschläge zur syntaktischen, semantischen und pragmatischen Fundierung}},
	Editor = {Werner Abraham},
	Number = {15},
	Publisher = narrstauffenburg,
	Series = {Studien zur deutschen Grammatik},
	Title = {{Satzglieder im Deutschen -- Vorschläge zur syntaktischen, semantischen und pragmatischen Fundierung}},
	Year = {1982}}

@book{Pinker1989,
	Address = {Cambridge, MA},
	Author = {Pinker, Steven},
	Publisher = {MIT Press},
	Title = {Learnability and Cognition: the acquisition of argument structure},
	Year = {1989}}

@inproceedings{KoenigandDavis2003-duplicate,
	Address = {Stanford},
	Author = {Jean-Pierre Koenig and Anthony Davis},
	Booktitle = {Proceedings of the {HPSG} 2003 Conference},
	Editor = {Stefan Müller},
	Pages = {222-235},
	Publisher = {CSLI Publications},
	Title = {Semantically Transparent Linking in {HPSG}},
	Year = {2003}}

@incollection{Dowty1989,
	Address = {Dordrecht},
	Author = {David Dowty},
	Booktitle = {Properties, Types, and Meaning},
	Editor = {Gennaro Chierchia and Barbara Partee and Raymond Turner},
	Pages = {69-129},
	Publisher = {Kluwer},
	Title = {On the Semantic Content of the Notion of `Thematic Role'},
	Volume = {2},
	Year = {1989}}

@article{KoenigandDavis2006,
	Author = {Jean-Pierre Koenig and Anthony Davis},
	Journal = {Journal of Linguistics},
	Pages = {71-108},
	Title = {The {\textsc{key}} to lexical semantic representations},
	Volume = {42},
	Year = {2006}}

@article{Jackendoff1987,
	Author = {Ray Jackendoff},
	Journal = {Linguistic Inquiry},
	Pages = {369-411},
	Title = {The Status of Thematic Relations in Linguistic Theory},
	Volume = {18},
	Year = {1987}}

@book{Landman2000,
	Address = {Dordrecht},
	Author = {Fred Landman},
	Publisher = {Kluwer},
	Title = {Events and Plurality: {The} {Jerusalem} Lectures},
	Year = {2000}}

@article{RappaportandLevin2008,
	Author = {Rappaport Hovav, Malka and Levin, Beth},
	Journal = {Journal of Linguistics},
	Pages = {129--167},
	Title = {The {English} dative alternation: The case for verb sensitivity},
	Volume = {44},
	Year = {2008}}

@incollection{RappaportandLevin1998,
	Address = {Stanford},
	Author = {Rappaport Hovav, Malka and Levin, Beth},
	Booktitle = {The Projection of Arguments},
	Editor = {Miriam Butt and Wilhelm Geuder},
	Pages = {97-134},
	Publisher = {CSLI Publications},
	Title = {Building Verb Meanings},
	Year = {1998}}

@book{chomsky:1981-removed,
	Address = {Dordrecht},
	Author = {Noam Chomsky},
	Date-Modified = {2008-08-07 17:18:43 -0500},
	Publisher = {Foris},
	Title = {Lectures on Government and Binding},
	Year = {1981}}

@article{KeyserandRoeper1984,
	Author = {Keyser, Samuel and Roeper, T.},
	Journal = {Linguistic Inquiry},
	Pages = {381-416},
	Series = {2},
	Title = {On the Middle and Ergative Constructions in {English}},
	Volume = {15},
	Year = {1984}}

@incollection{AbeilleandGodard1997,
	Address = {Amsterdam},
	Author = {Anne Abeillé and Danièle Godard},
	Booktitle = {Negation and Polarity: Syntax and Semantics},
	Editor = {Paul Hirschbühler and F. Marineau},
	Pages = {1--17},
	Publisher = {John Benjamins},
	Title = {The Syntax of {French} Negative Adverbs},
	Year = {1997}}

@phdthesis{Artawa1994,
	Address = {Bundoora, Australia},
	Author = {Ketut Artawa},
	School = {La {Trobe} University},
	Title = {Ergativity and {Balinese} Syntax},
	Year = {1994}}

@book{Wechsler1995b,
	Address = {Stanford, CA},
	Author = {Wechsler, Stephen},
	Publisher = {CSLI Publications},
	Title = {The Semantic Basis of Argument Structure},
	Year = {1995}}

@book{LevinandRappaport2005,
	Address = {Cambridge, UK},
	Author = {Levin, Beth and Rappaport Hovav, Malka},
	Publisher = {Cambridge University Press},
	Title = {Argument Realization},
	Year = {2005}}

@incollection{LevinandRappaport1994,
	Address = {Cambridge, MA},
	Author = {Levin, Beth and Rappaport Hovav, Malka},
	Booktitle = {The Acquisition of the Lexicon},
	Editor = {Gleitman, Lila and Landau, Barbara},
	Pages = {35-77},
	Publisher = {MIT Press},
	Title = {A preliminary analysis of causative verbs in {English}},
	Year = {1994}}

@incollection{Manning+Sag:1999,
	Address = {Stanford},
	Author = {Manning, Christopher and Sag, Ivan A},
	Booktitle = {Lexical and {Constructional} Aspects of Linguistic Explanation},
	Date = {1999},
	Date-Added = {2018-07-27 15:54:41 -0500},
	Date-Modified = {2018-07-27 15:54:41 -0500},
	Editor = {Gert Webelhuth and Jean-Pierre Koenig and Andreas Kathol},
	Pages = {63-78},
	Publisher = {{CSLI} {P}ublications},
	Title = {Dissociations between argument structure and grammatical relations},
	Year = {1999}}

@article{Dowty1991-removed,
	Author = {Dowty, David},
	Journal = {Language},
	Pages = {547--619},
	Series = {3},
	Title = {Thematic proto-roles and argument selection},
	Volume = {67},
	Year = {1991}}

@book{Bresnan+etal:2015-removed,
	Address = {Oxford, UK/Cambridge, USA},
	Author = {Joan Bresnan and Ash Asudeh and Ida Toivonen and Stephen Mark Wechsler},
	Booktitle = {Lexical-Functional Syntax},
	Date-Added = {2018-07-28 20:31:55 -0500},
	Date-Modified = {2018-07-28 20:32:20 -0500},
	Doi = {10.1002/9781119105664},
	Edition = {2},
	Isbn = {9781119105664},
	Publisher = blackwell,
	Title = {Lexical-Functional Syntax},
	Year = {2015},
	Bdsk-Url-1 = {http://dx.doi.org/10.1002/9781119105664}}

@article{Ackermanetal2017,
	Author = {Farrell Ackerman and Robert Malouf and John Moore},
	Journal = {Journal of Linguistics},
	Pages = {3--50},
	Title = {Symmetrical objects in {Moro}: Challenges and solutions},
	Volume = {53},
	Year = {2017}}

@incollection{Schein2002,
	Address = {Oxford},
	Author = {Barry Schein},
	Booktitle = {Logical Form and Language},
	Editor = {Gerhard Preyer and Georg Peter},
	Pages = {263-344},
	Publisher = {Oxford University Press},
	Title = {Events and the semantic content of thematic relations},
	Year = {2002}}

@book{Anderson1992-duplicate,
	Address = {Cambridge},
	Author = {Anderson, Stephen},
	Publisher = {Cambridge University Press},
	Title = {A-Morphous Morphology},
	Year = {1992}}

@incollection{Fillmore1968,
	Address = {New York},
	Author = {Fillmore, Charles},
	Booktitle = {Universals in Linguistic Theory},
	Editor = {Bach, Emmon and Harms, Robert},
	Pages = {1-87},
	Publisher = {Holt, Rinehart and Winston},
	Title = {The case for case},
	Year = {1968}}
