@string{ccs =    "Centre for Cognitive Science, University of Edinburgh"}
                  
@Book{butt:06,
  author =       "Miriam Butt",
  title =        "Theories of Case",
  publisher =    cup,
  year =         2006,
  address =      cambridgeuk}

@Book{chom:81,
  author = 	 "Noam Chomsky",
  title = 	 "Lectures on Government and Binding",
  publisher = 	 "Foris",
  year = 	 1981,
  address =	 "Dordrecht"}

@Book{chom:86a,
  author =       "Noam Chomsky",
  title =        "Knowledge of Language: Its Nature, Origin, and Use",
  publisher =    "Praeger",
  address =      "Westport",
  year =         1986}

@InCollection{mali:09,
  author =       {Joan Maling},
  title =        {The Case Tier: {A}~Hierarchical Approach to Morphological Case},
  crossref =     {mal:spe:09},
  pages =        {72--87}}

@Book{mal:spe:09,
  editor =       {Andrej Malchukov and Andrew Spencer},
  title =        {The {O}xford Handbook of Case},
  publisher =    oup,
  year =         2009,
  address =      oxford}

@incollection{zae:mal:83,
  author =       "Annie Zaenen and Joan Maling", 
  year =         1983, 
  title =        "Passive and Oblique Case", 
  editor =       "Lori S. Levin and Malka Rappaport and Annie Zaenen", 
  booktitle =    "Papers in {L}exical-{F}unctional {G}rammar", 
  pages =        "159--191", 
  address =      "Bloomington, IN", 
  publisher =    "Indiana University Linguistics Club"} 

@Unpublished{mac:hue:18,
  author	= {Machicao y Priemer, Antonio and Fritz-Huechante, Paola},
  title		= {Unmarked Word Order in {K}orean and {S}panish Psych-Verbs: {I}nteraction of Case, Theta-Roles, and Event Structures in {HPSG}},
  year          = 2018,
  url		= {http://phiz.c.u-tokyo.ac.jp/~hpsg2018/MachicaoYPriemer-Fritz.pdf},
  urldate	= {2018-07-25},
  note          = {Abstract for HPSG 2018}}

@InCollection{prze:95b,
  author =       "Adam Przepiórkowski",
  title =        "Case Assignment in {Polish}: {Towards} an {HPSG} Analysis",
  crossref =     "gro:val:96:ed",
  pages =        "191--228"}

@Book{gro:val:96:ed,
  editor =       "Claire Grover and Enric Vallduví",
  title =        "Studies in {HPSG}",
  booktitle =    "Studies in {HPSG}",
  publisher =    ccs,
  year =         1996,
  volume =       12,
  series =       "Edinburgh Working Papers in Cognitive Science"}

@PhdThesis{brat:96,
  author =       "Elizabeth Owen Bratt",
  title =        "Argument Composition and the Lexicon: {Lexical} and Periphrastic Causatives in {Korean}",
  school =       "Stanford University",
  year =         1996}

@Book{blak:94,
  author =       "Barry J. Blake",
  title =        "Case",
  publisher =    cup,
  year =         1994,
  address =      cambridgeuk}

@InCollection{malo:00,
  author =       "Robert Malouf",
  title =        "A Head-Driven Account of Long-Distance Case Assignment",
  pages =        "201--214",
  crossref =     "CGM2000a-ed"}

% Maling93a-u in the original stmue.bib contains a~typo (“Finish” instead of “Finnish”)…
@InCollection{mali:93, 
  author =       "Joan Maling",
  title =        "Of Nominative and Accusative: {The} Hierarchical Assignment
                  of Grammatical Case in {Finnish}",
  crossref =     "hol:nik:93:ed",
  pages =        "51--76"}

@Book{hol:nik:93:ed,
  title =        "Case and Other Functional Categories in {F}innish Syntax",
  booktitle =    "Case and Other Functional Categories in {F}innish Syntax",
  publisher =    "Mouton",
  year =         1993,
  editor =       "Anders Holmberg and Urpo Nikanne",
  address =      "Dordrecht"}

@Unpublished{levy:01,
  author =       {Roger Levy},
  title =        {Feature Indeterminacy and the Coordination of Unlikes in a~Totally Well-Typed {HPSG}},
  note =         {Unpublished manuscript},
  url =          {http://www.mit.edu/~rplevy/papers/feature-indet.pdf},
  urldate =      {2018-07-29},
  year =         2001}

@InProceedings{lev:pol:01,
  author =       "Roger Levy and Carl Pollard",
  title =        "Coordination and Neutralization in {HPSG}",
  crossref =     "eyn:etal:01:ed",
  pages =        "221--234"}

@InProceedings{dani:01,
  author =       "Michael W. Daniels",
  title =        "On a~Type-Based Analysis of Feature Neutrality and the Coordination of Unlikes",
  crossref =     "eyn:etal:01:ed",
  pages =        "137--147"}

@Proceedings{eyn:etal:01:ed,
  title =        "Proceedings of the {HPSG\,2001} Conference",
  booktitle =    "Proceedings of the {HPSG\,2001} Conference",
  editor =       "Frank van Eynde and Lars Hellan and Dorothee Beermann",
  publisher =     cslip,
  address =       "Stanford, CA",
  year =         2002}

@InCollection{sag:02,
  author =       "Ivan A. Sag",
  title =        "Coordination and Underspecification",
  crossref =     "kim:wec:02:ed",
  pages =        "267--291"}

@Book{kim:wec:02:ed,
  title =        "Proceedings of the {HPSG\,2002} Conference",
  booktitle =    "Proceedings of the {HPSG\,2002} Conference",
  editor    =    "Jong-Bok Kim and Stephen Wechsler",
  publisher =     csli,
  address =       "Stanford, CA",
  year      =     2003}

@Article{dal:kin:sad:09,
  author =       "Mary Dalrymple and Tracy Holloway King and Louisa
                  Sadler",
  title =        "Indeterminacy by Underspecification",
  journal =      jl,
  year =         2009,
  volume =       45,
  number =       1,
  doi = {10.1017/S0022226708005513},
  pages =        "31--68"}

@InProceedings{chav:06,
  author =       "Chaves, Rui P.",
  title =        "Coordination of Unlikes without Unlike Categories",
  crossref =     "Mueller2006a-ed",
  pages =        "102--122"}

@Article{chav:08,
  author =       "Chaves, Rui P.",
  title =        {Linearization-based Word-part Ellipsis},
  journal =      lp,
  year =         2008,
  volume =    31,
  number = 3,
  doi = {10.1007/s10988-008-9040-3},
  pages =     {261--307}}

@Book{muel:06:ed-removed,
  title =        "Proceedings of the {HPSG\,2006} Conference",
  booktitle =    "Proceedings of the {HPSG\,2006} Conference",
  editor    =    "Stefan Müller", 
  publisher =    csli,
  address =      "Stanford, CA",
  year      =     2006}


@InProceedings{yata:16,
  author =       "Shûichi Yatabe",
  title =        "Medial Left-Node Raising in {Japanese}",
  crossref =     "Headlex16",
  pages =        "681--701"}



@Unpublished{yat:wai:18,
  author =       {Shûichi Yatabe and Wai Lok Tam},
  title =        {In Defense of an {HPSG}-Based Theory of Non-Constituent Coordination: {A} Reply to {Kubota} and {Levine}},
  note =         {Unpublished manuscript, version of April 16, 2018},
  url =          {http://ling.auf.net/lingbuzz/003152},
  urldate =      {2018-07-29},
  year =         2018}

@InProceedings{levi:11,
  author =       "Robert D. Levine",
  title =        "Linearization and its Discontents",
  crossref =     "Mueller2011a-ed",
  pages =        "126--146"}
                  
@InProceedings{thui:11,
  author =       {Juliette Thuilier},
  title =        {Case Suffixes and Pospositions in {Hungarian}},
  crossref =     "Mueller2011a-ed",
  pages =        "209--226"}
                  
@Book{muel:11:ed-removed,
  title =        "Proceedings of the {HPSG\,2011} Conference",
  booktitle =    "Proceedings of the {HPSG\,2011} Conference",
  editor    =    "Stefan Müller", 
  publisher =    csli,
  address =      "Stanford, CA",
  year      =     2011}

@InProceedings{yata:12,
  author =       "Shûichi Yatabe",
  title =        "Comparison of the Ellipsis-Based Theory of
                  Non-Constituent Coordination with its Alternatives",
  crossref =     "Mueller2012a-ed",
  pages =        "454--474"}

@Book{muel:12:ed-removed,
  title =        "Proceedings of the {HPSG\,2012} Conference",
  booktitle =    "Proceedings of the {HPSG\,2012} Conference",
  editor    =    "Stefan Müller", 
  publisher =    csli,
  address =      "Stanford, CA",
  year      =     2012}

@Article{kub:lev:15,
  author =       "Yusuke Kubota and Robert Levine",
  title =        "Against Ellipsis: {A}rguments for the Direct Licensing of ‘Noncanonical’ Coordinations",
  journal =      lp,
  year =         2015,
  volume =       38,
  pages =        "521--576"}


@InProceedings{yata:04,
  author =       "Shûichi Yatabe",
  title =        "A Comprehensive Theory of Coordination of Unlikes",
  crossref =     "Mueller2004a-ed",
  pages =        "335--355"}

@Book{muel:04:ed-removed,
  title =        "Proceedings of the {HPSG\,2004} Conference",
  booktitle =    "Proceedings of the {HPSG\,2004} Conference",
  editor    =     "Stefan Müller", 
  publisher =     csli,
  address =       "Stanford, CA",
  year      =     2004}


@InProceedings{prz:pat:12a,
  author =       "Adam Przepiórkowski and Agnieszka Patejuk",
  title =        "On case assignment and the coordination of unlikes:
                  {The} limits of distributive features", 
  pdf =          "http://www.stanford.edu/group/cslipublications/cslipublications/LFG/17/papers/lfg12przpat1.pdf",
  crossref =     "lfg:12",
  pages =        "479--489"}
                  
@Proceedings{lfg:12,
  title =        "The Proceedings of the {LFG'12} Conference",
  booktitle =    "The Proceedings of the {LFG'12} Conference",
  editor =       "Miriam Butt and Tracy Holloway King",
  year =         2012,
  publisher =    csli,
  url =          "http://cslipublications.stanford.edu/LFG/17/lfg12.html",
  address =      "Stanford, CA"}

@InProceedings{drel:08,
  author =       "Scott Drellishak",
  title =        "Complex Case Phenomena in the {Grammar} {Matrix}",
  crossref =     "Mueller2008a-ed",
  pages =        "67--86"}

@Book{muel:08:ed-removed,
  title =        "Proceedings of the {HPSG\,2008} Conference",
  booktitle =    "Proceedings of the {HPSG\,2008} Conference",
  editor    =    "Stefan Müller", 
  publisher =    csli,
  address =      "Stanford, CA",
  year      =     2008}

@InProceedings{ryu:13,
  author =       "Byong-Rae Ryu",
  title =        {Multiple Case Marking as Case Copying: {A}~Unified Approach to Multiple Nominative and Accusative Constructions in {K}orean},
  crossref =     "Mueller2013a-ed",
  pages =        "182--202"}
                  
@Book{muel:13:ed-removed,
  title =        "Proceedings of the {HPSG\,2013} Conference",
  booktitle =    "Proceedings of the {HPSG\,2013} Conference",
  editor    =    "Stefan Müller", 
  publisher =    csli,
  address =      "Stanford, CA",
  year      =     2013,
  where =         "publikacje/proceedingsy/HPSG2013.pdf.gz"}

@InProceedings{crys:17,
  author =       "Berthold Crysmann",
  title =        {Resumption and Case: {A}~New Take on {Modern Standard Arabic}},
  crossref =     "Mueller2017a-ed",
  pages =        "120--240"}
                  
@Book{muel:17:ed-removed,
  title =        "Proceedings of the {HPSG\,2017} Conference",
  booktitle =    "Proceedings of the {HPSG\,2017} Conference",
  editor    =    "Stefan Müller", 
  publisher =    csli,
  address =      "Stanford, CA",
  year      =     2017}

