@incollection{moortgat1997,
author = {Michael Moortgat},
title = {Categorial {T}ype {L}ogics},
booktitle = {Handbook of Logic and Language},
publisher = {Elsevier},
year = {1997},
editor = {Johan {van Benthem} and Alice {ter Meulen}},
pages = {93--177},
address = {Amsterdam},
}


@inproceedings{WhiteBaldridge2003,
author = {Michael White and Jason Baldridge},
title = {Adapting Chart Realization to {CCG}},
booktitle = {{Proceedings of} the 9th {European} Workshop on Natural Language Generation},
pages = {119--126},
year = {2003},
}

@inproceedings{pogodallapompigne2011,
title = {Controlling Extraction in {Abstract Categorial Grammars}},
author = {Pogodalla, Sylvain and Pompigne, Florent},
booktitle = {{Formal Grammar} 2010/2011},
publisher = {Springer},
address = {Heidelberg},
editor = {Philippe de Groote and Mark-Jan Nederhof},
pages = {162--177},
year = {2012},
}

@book{ranta94,
author = {Ranta, Aarne},
title = {Type-Theoretical Grammar},
year = {1994},
publisher = {Oxford University Press},
address = {{Oxford}},
}

@incollection{lasnik86,
author = {Howard Lasnik},
year = {1986},
title = {On the Necessity of Binding Conditions},
booktitle = {Principles and Parameters in Comparative Grammar},
editor = {Robert Freidin},
publisher = {MIT Press},
address = {Cambridge, Mass.},
pages = {7--28},
}

@incollection{kubotaEA2019Geach,
author = {Yusuke Kubota and Koji Mineshima and Robert Levine and Daisuke Bekki},
title = {Underspecification and interpretive parallelism in {Dependent Type Semantics}},
booktitle = {{{Proceedings of} the {IWCS} 2019 Workshop on Computing Semantics with Types, Frames and Related Structures}},
year = {2019},
address = {Gothenburg, Sweden},
pages = {1--9},
  url={https://www.aclweb.org/anthology/W19-1001},
urldate = {2020-02-24},
}

@article{Humberstone2005,
author = {Lloyd Humberstone},
title = {Geach's {Categorial Grammar}},
journal = {Linguistics and Philosophy},
year = {2005},
volume = {28},
pages = {281--317},
}

@article{kuhlmann-etal-2015-lexicalization,
    title = "Lexicalization and Generative Power in {CCG}",
    author = "Kuhlmann, Marco  and
      Koller, Alexander  and
      Satta, Giorgio",
    journal = "Computational Linguistics",
    volume = "41",
    number = "2",
    month = jun,
    year = "2015",
    url = "https://www.aclweb.org/anthology/J15-2002",
    doi = "10.1162/COLI_a_00219",
    pages = "187--219",
}

@book{deaneBook,
author = {Deane, Paul D.},
title = {Grammar in mind and brain},
year = {1992},
publisher = {Mouton de Gruyter},
address = {Berlin},
}

@phdthesis{parkDiss,
author = {Sang-Hee Park},
year = {2019},
title = {Gapping: A Constraint-Based Syntax-Semantics Interface},
school = {State University of New York at Buffalo},
}

@incollection{kluender98,
author = {Kluender, Robert},
year = {1998},
title = {On the Distinction Between Strong and Weak Islands: A Processing Perspective},
editor = {Culicover, Peter and McNally, Louise},
booktitle = {The Limits of Syntax },
series = {Syntax and Semantics}, 
volume = {29},
publisher = {Academic Press},
address = {San Diego},
pages = {241--279},
}



@inproceedings{moortgat84,
author = {Michael Moortgat},
title = {A {Fregean} Restriction on Metarules},
booktitle = {Proceedings of {NELS} 14},
pages = {306--325},
publisher = {GLSA},
year = {1984},
}

@incollection{jacobson14ellipsis,
author = {Pauline Jacobson},
year = {2019},
title = {Ellipsis in {Categorial Grammar}},
editor = {Jeroen van Craenenbroeck and Tanja Temmerman},
booktitle = {The Oxford Handbook of Ellipsis},
pages = {122--141},
publisher = {Oxford University Press},
address = {Oxford},
}

@incollection{ginzburg-miller-ellipsis-handbook,
author = {Jonathan Ginzburg and Philip Miller},
title = {Ellipsis in Head-Driven Phrase Structure Grammar},
booktitle = {The Oxford Handbook of Ellipsis},
editor = {Jeroen van Craenenbroeck and Tanja Temmerman},
publisher = {Oxford University Press},
address = {Oxford},
year = {2019},
pages = {75--121},
}

@article{ChavesDery2018,
author = {Rui Chaves and Jeruen E. Dery},
year = {2019},
title = {Frequency effects in subject islands},
journal = {Journal of Linguistics},
pages = {475--521},
volume = {55},
}

@book{ChatzikyriakidisLuo2017,
year = {2017},
title = {Modern Perspectives in Type-Theoretical Semantics},
editor = {Chatzikyriakidis, Stergios and Luo, Zhaohui},
publisher = {Springer},
address = {Heidelberg},
}

@book{MartinLofIntuitionistic,
title = {Intuitionistic Type Theory},
publisher = {Bibliopolis},
year = {1984},
author = {Per Martin-L\"of},
}

@article{levinson87,
author = {Stephen C. Levinson},
journal = {Journal of Linguistics},
title = {Pragmatics and the grammar of anaphora},
pages = {379--434},
volume = {23},
year = {1987},
}

@article{levinson91,
author = {Stephen C. Levinson},
journal = {Journal of Linguistics},
title = {Pragmatic reduction of the {Binding Conditions} revisited},
pages = {107--161},
volume = {27},
year = {1991},
}

@incollection{wilder-ellipsis-handbook,
author = {Chris Wilder},
year = {2019},
title = {Conjunction Reduction and Right-Node Raising},
booktitle = {The {Oxford} Handbook of Ellipsis},
editor = {Jeroen van Craenenbroeck and Tanja Temmerman},
publisher = {Oxford University Press},
address = {Oxford},
year = {2019},
pages = {681--718},
}

@article{PerlmutterRoss70,
author = {David M. Perlmutter and John Robert Ross},
year = {1970},
title = {Relative Clauses with Split Antecedents},
journal = {Linguistic Inquiry},
pages = {350},
}

@book{postalextraction,
author = {Postal, Paul M.},
year = {1998},
title = {Three Investigations of Extraction},
publisher = {MIT Press},
address = {Cambridge, Mass.},
}

@incollection{cooper79,
author = {Robin Cooper},
title = {The Interpretation of Pronouns},
booktitle = {Selections from the Third Groningen Round Table},
pages = {61--92},
publisher = {Academic Press},
address = {New York},
year = {1979},
editor = {Frank Heny and Helmut S. Schnelle},
volume = {10},
series = {Syntax and Semantics},
}

@phdthesis{BernardiPhD,
author = {Raffaella Bernardi},
title = {Reasoning with Polarity in {C}ategorial {T}ype {L}ogic},
school = {University of Utrecht},
year = {2002},
}


@incollection{johnson-ellipsis-handbook,
author = {Kyle Johnson},
year = {2019},
title = {Gapping and Stripping},
booktitle = {The {Oxford} Handbook of Ellipsis},
editor = {Jeroen van Craenenbroeck and Tanja Temmerman},
publisher = {Oxford University Press},
address = {Oxford},
year = {2019},
pages = {562--604},
}

@incollection{kubota-levine-modal-wollic,
author = {Yusuke Kubota and Robert Levine},
title = {Modal auxiliaries and negation: A type-logical account},
booktitle = {{WoLLIC 2019}: Logic, Language, Information, and Computation},
pages = {415--432},
year = {2019},
publisher = {Springer},
address = {Heidelberg},
}

@phdthesis{hoeksema-diss,
author = {Jack Hoeksema},
title = {Categorial Morphology},
school = {Rijksuniversiteit Groningen},
year = {1984},
}

@incollection{hoeksemajanda88,
author = {Jack Hoeksema and Richard D. Janda},
title = {Implications of Process-Morphology for {Categorial Grammar}},
crossref = {oehrle-etal1988a},
pages = {199--247},
}

@book{oehrle-etal1988a,
editor = {Richard T. Oehrle and Emmon Bach and Deirdre Wheeler},
title = {Categorial Grammars and Natural Language Structures},
booktitle = {Categorial Grammars and Natural Language Structures},
publisher = {D. Reidel Publishing Company},
year = {1988},
address = {Dordrecht},
}

@incollection{raffelsiefen92,
author = {Renate Raffelsiefen},
title = {A nonconfigurational approach to morphology},
year = {1992},
editor = {Mark Aronoff},
booktitle = {Morphology Now},
pages = {133--162},
publisher = {State University of New York Press},
}


@incollection{whitman2009,
author = {Whitman, Neal},
 title = "Right-Node Wrapping: {Multimodal Categorial Grammar} and the
          `Friends in Low Places' Coordination",
editor = {Erhard Hinrichs and John Nerbonne},
booktitle = {Theory and Evidence in Semantics},
address = {Stanford},
publisher = {CSLI Publications},
pages = {235--256},
year = {2009},
}

@unpublished{dowty96-removed,
author = {David Dowty},
sortauthor = {David R. Dowty},
title = {Non-Constituent Coordination, Wrapping, and {Multimodal Categorial Grammars}},
year = {1996},
  langid	= {english},
  note =	 {Expanded draft of Aug 96 paper from International Congress
                  of Logic, Methodology, and Philosophy of Science 
                  in M. L. Dalla Chiara et al. (eds.)
                  \emph{Structures and Norms in Science}, 347--368, 1997.}, 
}



@book{Hinrichsea98,
  editor	= {Erhard W. Hinrichs and Andreas Kathol and Tsuneko
		  Nakazawa},
title = {Complex Predicates in Nonderivational Syntax},
booktitle = {Complex Predicates in Nonderivational Syntax},
series = {Syntax and Semantics},
volume = {30},
publisher = {Academic Press},
address = {San Diego},
year = {1998},
}



@incollection{kraak98,
author = {Esther Kraak},
title = {A Deductive Account of {French} Object Clitics},
crossref = {Hinrichsea98},
pages = {271--312},
}


@book{KubotaLevineBook,
author = {Yusuke Kubota and Robert Levine},
title = {Type-Logical Syntax},
publisher = {MIT Press},
address = {Cambridge, Mass.},
year = {2020},
}


@unpublished{howard1969,
author = {Howard, William A.},
year = {1969},
title = {The formulae-as-types notion of construction},
note = {Published in Jonathan P. Seldin and J. Roger Hindley (eds.) 1980. {\em To H. B. Curry: Essays on Combinatory Logic, Lambda Calculus, and Formalism}, pp. 479--490. Academic Press},
}

@incollection{vanBenthem88,
author = {Johan van Benthem},
title = {The Semantics of Variety in {Categorial Grammar}},
booktitle = {Categorial Grammar},
pages = {37--55},
publisher = Benjamins,
editor = {Wojciech Buszkowski and Witold Marciszewski and Johan van Benthem},
year = {1988},
address = {Amsterdam},
}

@inproceedings{CalderEA1988,
author = {Calder, Jonathan and Klein, Ewan and Zeevat, Henk},
title = {{Unification Categorial Grammar}: {A} Concise, Extendable Grammar for Natural Language Processing},
booktitle = {Proceedings of the 12th Conference on Computational Linguistics},
volume = {1},
year = {1988},
pages = {83--86},
publisher = {Association for Computational Linguistics},
address = {Stroudsburg, PA, USA},
}

@incollection{HalleMarantz93,
author = {Halle, Morris and Marantz, Alec},
year = {1993},
title = {Distributed Morphology and the Pieces of Inflection},
booktitle = {The View from {Building 20}},
publisher = {MIT Press},
address = {Cambridge, Mass.},
pages = {111--176},
}

@Book{		  mccloskey79,
  author	= {McCloskey, James},
  title		= {Transformational Syntax and Model-theoretic Semantics},
  publisher	= {Dordrecht: Reidel},
  year		= {1979}
}

@Unpublished{	  kubota-levine-summative,
  author	= {Yusuke Kubota and Robert Levine},
  title		= {On an inadequate defense of an ellipsis-based analysis for
		  Right Node Raising},
  year		= {2018},
  note		= {University of Tsukuba/Ohio State University ms.; available
		  at https://ling.auf.net/lingbuzz/003852}
}

@Article{	  newmeyer2016,
  author	= {Frederick J. Newmeyer},
  title		= {Nonsyntactic Explanations of Island Constraints},
  journal	= {Annual Review of Linguistics},
  volume	= {2},
  pages		= {187--210},
  year		= {2016}
}

@Article{	  morrilllp,
  author	= {Glyn Morrill},
  year		= {2017},
  title		= {Grammar logicised: Relativisation},
  journal	= {Linguistics and Philosophy},
  volume	= {40},
  number	= {2},
  pages		= {119--163}
}

@Article{	  pickering-barry91,
  author	= {Martin Pickering and Guy Barry},
  title		= {Sentence processing without empty categories},
  journal	= {Language and Cognitive Processes},
  volume	= {6},
  pages		= {229--264},
  year		= {1991}
}

@Book{		  mootretore2012,
  author	= {Moot, Richard and Retor{\'e}, Christian },
  title		= {The Logic of {Categorial Grammars}: {A} Deductive Account of
		  Natural Language Syntax and Semantics},
  publisher	= Springer,
  address	= {Heidelberg},
  year		= {2012}
}

@InCollection{	  bekkimineshima17,
  author	= {Daisuke Bekki and Koji Mineshima},
  year		= {2017},
  title		= {Context-Passing and Underspecification in Dependent Type
		  Semantics},
  booktitle	= {Modern Perspectives in Type-Theoretical Semantics},
  editor	= {Chatzikyriakidis, Stergios and Luo, Zhaohui},
  pages		= {11--41},
  publisher	= {Springer},
  address	= {Heidelberg}
}

@Article{	  Pogodalla2017,
  author	= {Sylvain Pogodalla},
  year		= {2017},
  title		= {A syntax-semantics interface for {Tree-Adjoining Grammars}
		  through {Abstract Categorial Grammars}},
  journal	= {Journal of Language Modelling},
  volume	= {5},
  number	= {3},
  pages		= {527--605}
}

@Article{	  steedmanlewis13,
  author	= {Lewis, Mike and Steedman, Mark},
  journal	= {Transactions of the Association for Computational
		  Linguistics},
  pages		= {179--192},
  title		= {Combined Distributional and Logical Semantics},
  volume	= {1},
  year		= {2013}
}

@InCollection{	  puthawala2018,
  author	= {Daniel Puthawala},
  title		= {Stripping isn't so Mysterious, or Anomalous Scope,
		  either},
  year		= {2018},
  booktitle	= {{Formal Grammar} 2018},
  editor	= {Annie Foret and Greg Kobele and Sylvain Pogodalla},
  pages		= {102--120}
}

@Article{	  steedmanlewis13-duplicate-removed,
  author	= {Lewis, Mike and Steedman, Mark},
  journal	= {Transactions of the Association for Computational
		  Linguistics},
  pages		= {179--192},
  title		= {Combined Distributional and Logical Semantics},
  volume	= {1},
  year		= {2013}
}

@incollection{parkea18gapping,
author = {Sang-Hee Park and Jean-Pierre Koenig and Rui P. Chaves},
title = {A semantic underspecification"=based analysis of scope ambiguities in {Gapping}},
year = {2019},
editor = {M.~Teresa Espinal and Elena Castroviejo and Manuel Leonetti and Louise McNally},
pages = {237--251},
volume = {2},
booktitle = {Proceedings of {Sinn und Bedeutung} 23},
}

@Book{		  levine2017,
  author	= {Levine, Robert D.},
  year		= {2017},
  title		= {Syntactic Analysis: An {HPSG}-based Approach},
  publisher	= {Cambridge University Press},
  address	= {Cambridge, England}
}

@Article{	  moot2018,
  author	= {Richard Moot },
  title		= {Combining Logical and Distributional Methods in Type"=Logical Grammars},
  year		= {2018},
  journal	= {Journal of Language Modelling},
  pages		= {287--317},
  volume	= {6},
  number	= {2}
}

@Article{	  moot2015,
  author	= {Richard Moot },
  title		= {A type-logical treebank for {French}},
  year		= {2015},
  journal	= {Journal of Language Modelling},
  pages		= {229--264},
  volume	= {3},
  number	= {1}
}

@PhDThesis{	  worth-diss,
  author	= {Christopher Worth},
  title		= {{English} Coordination in {Linear Categorial Grammar}},
  school	= {Ohio State University},
  year		= {2016}
}

@article{yatabe-tam2017,
author = {Yatabe, Sh\^uichi and Tam,  Wai Lok},
title = {In defense of an {HPSG}-based theory of non-constituent coordination: A reply to {Kubota} and {Levine}},
year = {2019},
journal = {Linguistics and Philosophy},
pages = {00--00},
volume = {0},
}

@InProceedings{	  mineshima-etal:2016:emnlp,
  author	= {Mineshima, Koji and Tanaka, Ribeka and
		  Mart\'{i}nez-G\'{o}mez, Pascual and Miyao, Yusuke and
		  Bekki, Daisuke},
  title		= {Building compositional semantics and higher-order
		  inference system for a wide-coverage {Japanese} {CCG}
		  parser},
  booktitle	= {Proceedings of {EMNLP} 2016},
  year		= {2016},
  address	= {Austin, Texas},
  publisher	= {Association for Computational Linguistics},
  pages		= {2236--2242}
}

@Article{	  jacobson2016,
  author	= {Pauline Jacobson},
  title		= {The short answer: {Implications} for direct compositionality (and vice versa)},
  journal	= {Language},
  volume	= {92},
  number	= {2},
  year		= {2016},
  pages		= {331--375}
}

@Article{	  morrillvalentin16,
  author	= {Glyn Morrill and Oriol Valent\'in},
  title		= {A reply to {Kubota and Levine} on gapping},
  year		= {2017},
  journal	= {Natural Language and Linguistic Theory},
  volume	= {35},
  number	= {1},
  pages		= {257--270}
}

@Book{		  buringbinding,
  author	= {Daniel B{\"u}ring},
  title		= {Binding Theory},
  publisher	= {Cambridge University Press},
  address	= {Cambridge, England},
  year		= {2005}
}

@InCollection{	  kanazawa15,
  author	= {Makoto Kanazawa},
  title		= {Syntactic Features for Regular Constraints and an
		  Approximation of Directional Slashes in {Abstract
		  Categorial Grammars}},
  booktitle	= {Proceedings for {ESSLLI 2015 Workshop 'Empirical Advances
		  in Categorial Grammar'}},
  pages		= {34--70},
  editor	= {Yusuke Kubota and Robert Levine},
  year		= {2015},
  publisher	= {University of Tsukuba and Ohio State University}
}

@Book{		  restall2000,
  author	= {Greg Restall},
  title		= {An introduction to substructural logics},
  publisher	= {Routledge},
  year		= {2000},
  address	= {London}
}

@Article{	  chaves2014a-u-duplicate-removed,
  author	= {Rui P. Chaves},
  title		= {On the Disunity of Right-Node Raising Phenomena:
		  Extraposition, Ellipsis, and Deletion},
  journal	= {Language},
  volume	= {90},
  number	= {4},
  year		= {2014},
  pages		= {834--886}
}

@PhDThesis{	  vermaat05,
  author	= {Willemijn Vermaat},
  year		= {2005},
  title		= {The Logic of Variation. A Cross-Linguistic Account of
		  Wh-Question Formation},
  school	= {Utrecht University}
}

@InProceedings{	  bekki14,
  author	= {Daisuke Bekki},
  title		= {Representing Anaphora with Dependent Types},
  year		= {2014},
  booktitle	= {{Logical Aspects of Computational Linguistics} 2014},
  editor	= {Nicholas Asher and Sergei Soloviev},
  publisher	= {Springer},
  address	= {Heidelberg},
  pages		= {14--29}
}

@Unpublished{	  oehrle71,
  author	= {Richard T. Oehrle},
  title		= {On {Gapping}},
  year		= {1971},
  note		= {{\sc ms.}, MIT}
}

@Article{	  oehrle1994,
  author	= {Richard T. Oehrle},
  journal	= {Linguistics and Philosophy},
  number	= {6},
  pages		= {633--678},
  title		= {Term-labeled Categorial Type Systems},
  volume	= {17},
  year		= {1994}
}

@PhDThesis{	  martin2013,
  author	= {Scott Martin},
  school	= {Ohio State University},
  title		= {The Dynamics of Sense and Implicature},
  year		= {2013}
}

@InCollection{	  kennedy2003,
  author	= {Kennedy, Christopher},
  booktitle	= {The Interfaces: Deriving and Interpreting Omitted
		  Structures},
  editor	= {Schwabe, Kerstin and Winkler, Susanne},
  address	= {Amsterdam},
  publisher	= {John Benjamins},
  title		= {Ellipsis and syntactic representation},
  pages		= {29--53},
  year		= {2003}
}

@InProceedings{	  millereisspseudo,
  author	= {Philip Miller},
  title		= {A Corpus Study of Pseudogapping and Its Theoretical
		  Consequences},
  year		= {2014},
  booktitle	= {Empirical Issues in Syntax and Semantics},
  volume	= {10},
  editor	= {Christopher {Pi\~n\'on}},
  pages		= {73--90}
}

@incollection{merchant13,
  author	= {Jason Merchant},
  year		= {2019},
  title		= {Ellipsis: A survey of analytical approaches},
booktitle = {The {Oxford} Handbook of Ellipsis},
editor = {Jeroen van Craenenbroeck and Tanja Temmerman},
publisher = {Oxford University Press},
address = {Oxford},
year = {2019},
pages = {19--45},
}

@Article{	  chung13,
  author	= {Sandra Chung},
  year		= {2013},
  title		= {Syntactic identity in sluicing: How much, and why},
  journal	= {Linguistic Inquiry},
  volume	= {44},
  number	= {1},
  pages		= {1--44}
}

@Article{	  barker-sluicing,
  author	= {Chris Barker},
  year		= {2013},
  title		= {Scopability and Sluicing},
  journal	= {Linguistics and Philosophy},
  volume	= {36},
  number	= {3},
  pages		= {187--223}
}

@Article{	  yoshida-ea-pg,
  author	= {Masaya Yoshida and Tim Hunter and Michael Frazier},
  year		= {2015},
  title		= {Parasitic Gaps Licensed by Elided Syntactic Structure},
  pages		= {1439--1471},
  journal	= {Natural Language and Linguistic Theory},
  volume	= {33},
  number	= {4}
}

@Book{		  barkershan2015,
  author	= {Chris Barker and {Chung-chieh} Shan},
  title		= {Continuations and Natural Language },
  year		= {2015},
  publisher	= {Oxford University Press},
  address	= {Oxford}
}

@InCollection{	  jacobson2008,
  author	= {Jacobson, Pauline},
  booktitle	= {Topics in Ellipsis},
  editor	= {Johnson, Kyle},
  pages		= {30--68},
  publisher	= {Cambridge University Press},
  address	= {Cambridge, England},
  title		= {Direct compositionality and variable"=free semantics: The
		  case of {A}ntecedent {C}ontained {D}eletion},
  year		= {2008}
}

@Unpublished{	  pollard13,
  author	= {Carl Pollard},
  title		= {{Linear Categorial Grammar}},
  year		= {2013},
  note		= {Ms., Lecture Notes at ESSLLI 2013}
}

@Unpublished{	  pollard-numerical,
  author	= {Carl Pollard},
  title		= {What numerical determiners mean: A non-ambiguity
		  analysis},
  year		= {2014},
  note		= {Talk presented at the Workshop on Semantics of Cardinals,
		  Ohio State University, March 6, 2014}
}

@Article{	  chaves12b,
  author	= {Rui Chaves},
  year		= {2012},
  title		= {On the grammar of extraction and coordination},
  journal	= {Natural Language and Linguistic Theory},
  volume	= {30},
  number	= {2},
  pages		= {465--512}
}

@InProceedings{	  morrillsolias93,
  author	= {Morrill, Glyn and Solias, Teresa},
  title		= {Tuples, Discontinuity, and Gapping in {Categorial Grammar}},
  booktitle	= {Proceedings of the {Sixth Conference on European Chapter
		  of the Association for Computational Linguistics}},
  year		= {1993},
  pages		= {287--296},
  publisher	= {Association for Computational Linguistics},
  address	= {Morristown, NJ, USA}
}

@Article{	  morrill-ea11,
  author	= {Glyn Morrill and Oriol Valent{\'\i}n and Mario Fadda},
  title		= {The Displacement Calculus},
  year		= {2011},
  pages		= {1--48},
  volume	= {20},
  number	= {1},
  journal	= {Journal of Logic, Language and Information}
}

@InProceedings{	  hendriks95,
  author	= {Petra Hendriks},
  title		= {Ellipsis and Multimodal Categorial Type Logic},
  year		= {1995},
  pages		= {107--122},
  editor	= {Glyn V. Morrill and Richard T. Oehrle},
  booktitle	= {{{Formal Grammar}: Proceedings of the Conference of the
		  European Summer School in Logic, Language and Information,
		  Barcelona, 1995}}
}

@PhDThesis{	  hendriks-diss,
  author	= {Petra Hendriks},
  title		= {Comparatives and {Categorial Grammar}},
  langid        = {english},
  school	= {University of Groningen},
  year		= {1995}
}

@InProceedings{	  degroote01,
  author	= {Philippe de~Groote},
  title		= {Towards Abstract {Categorial Grammars}},
  booktitle	= {{Association for Computational Linguistics, 39th Annual
		  Meeting and 10th Conference of the European Chapter}},
  pages		= {148--155},
  year		= {2001}
}

@InProceedings{	  mihalicek-pollard10,
  author	= {Mihali\v{c}ek, Vedrana and Carl Pollard},
  title		= {Distinguishing Phenogrammar from Tectogrammar Simplifies
		  the Analysis of Interrogatives},
  booktitle	= {{Formal Grammar} 2010/2011},
  editor	= {Philippe de Groote and Mark-Jan Nederhof},
  pages		= {130--145},
  year		= {2012},
  publisher	= {Springer},
  address	= {Heidelberg}
}

@InCollection{	  oehrle1987,
  author	= {Oehrle, Richard T.},
  booktitle	= {Syntax and semantics: Discontinuous Constituency},
  volume	= {20},
  editor	= {Huck, Geoffrey J. and Ojeda, Almerindo E.},
  pages		= {203--240},
  publisher	= {Academic Press},
  title		= {Boolean properties in the analysis of gapping},
  year		= {1987}
}

@InCollection{	  oehrle88,
  author	= {R. T. Oehrle},
  title		= {Multi-Dimensional Compositional Functions as a Basis for
		  Grammatical Analysis},
  year		= {1988},
  booktitle	= {{Categorial Grammars} and Natural Language Structures},
  editor	= {R. T. Oehrle and E. Bach and D. Wheeler},
  publisher	= {Reidel},
  address	= {Dordrecht},
  pages		= {349--389}
}

@InProceedings{	  mccawley1993,
  address	= {Berkeley, California},
  author	= {McCawley, James D.},
  booktitle	= {{Berkeley Linguistics Society}},
  editor	= {Peterson, David A.},
  organization	= {University of California},
  pages		= {245--253},
  title		= {Gapping with shared operators},
  year		= {1993}
}

@Article{	  johnson2009,
  author	= {Johnson, Kyle},
  journal	= {Linguistic Inquiry},
  number	= {2},
  pages		= {289--328},
  title		= {Gapping Is Not ({{VP}}-) Ellipsis},
  volume	= {40},
  year		= {2009}
}

@Article{	  partee70,
  author	= {Partee, Barbara Hall},
  title		= {Negation, Conjunction, and Quantifiers: Syntax vs.\
		  Semantics},
  journal	= {Foundations of Language},
  volume	= {6},
  pages		= {153--165},
  year		= {1970}
}

@Article{	  siegel87,
  author	= {Muffy A. Siegel},
  title		= {Compositionality, Case, and the Scope of Auxiliaries},
  journal	= {Linguistics and Philosophy},
  year		= {1987},
  volume	= {10},
  number	= {1},
  pages		= {53--75}
}

@InProceedings{	  levine11,
  address	= {Stanford},
  author	= {Robert Levine},
  booktitle	= {The Proceedings of the {18th {International Conference on
		  Head-Driven Phrase Structure Grammar}}},
  editor	= {Stefan M{\"u}ller},
  pages		= {126--146},
  publisher	= {CSLI Publications},
  title		= {Linearization and its discontents},
  url		= "http://cslipublications.stanford.edu/HPSG/2011/",
  url_checked	= "28.10.2011",
  year		= {2011}
}

@Article{	  chaves12,
  author	= {Rui Chaves},
  year		= {2012},
  title		= {Conjunction, cumulation and respectively readings},
  journal	= {Journal of Linguistics},
  volume	= {48},
  number	= {2},
  pages		= {297--344}
}

@Article{	  sgww,
  author	= {Ivan A. Sag and Gerald Gazdar and Thomas Wasow and Steven
		  Weisler},
  year		= {1985},
  title		= {Coordination and How to Distinguish Categories},
  journal	= {Natural Language and Linguistic Theory},
  volume	= {3},
  number	= {2},
  pages		= {117--171}
}

@InCollection{	  muskens03,
  author	= {Muskens, Reinhard},
  year		= {2003},
  title		= {Language, Lambdas, and Logic},
  editor	= {Geert-Jan Kruijff and Richard Oehrle},
  booktitle	= {Resource Sensitivity in Binding and Anaphora},
  publisher	= {Kluwer},
  address	= {Dordrecht},
  pages		= {23--54}
}

@InProceedings{	  muskens01,
  author	= {Reinhard Muskens},
  year		= {2001},
  title		= {{C}ategorial {G}rammar and {L}exical-{F}unctional
		  {G}rammar},
  booktitle	= {{The Proceedings of the LFG '01 Conference}},
  address	= {University of Hong Kong},
  url		= "http://csli-publications.stanford.edu/LFG/6/lfg01.html",
  editor	= "Miriam Butt and Tracy Holloway King"
}

@Article{	  barker07,
  author	= {Chris Barker},
  title		= {Parasitic Scope},
  journal	= {Linguistics and Philosophy},
  year		= {2007},
  volume	= {30},
  number	= {4},
  pages		= {407--444}
}

@InCollection{	  jacobson07,
  author	= {Pauline Jacobson},
  title		= {Direct Compositionality and Variable"=Free Semantics: {The}
		  Case of ``{Principle B}'' Effects },
  booktitle	= {Direct Compositionality},
  publisher	= {Oxford University Press},
  address	= {Oxford},
  year		= {2007},
  editor	= {Chris Barker and Pauline Jacobson},
  pages		= {191--236}
}

@Article{	  jacobson2000a,
  author	= {Pauline Jacobson},
  title		= {Paycheck Pronouns, {B}ach-{P}eters Sentences, and Variable"=Free Semantics},
  journal	= {Natural Language Semantics},
  year		= {2000},
  volume	= {8},
  number	= {2},
  pages		= {77--155}
}

@Article{	  jacobson1999a,
  author	= {Pauline Jacobson},
  title		= {Towards a Variable"=Free Semantics},
  journal	= {Linguistics and Philosophy},
  year		= {1999},
  volume	= {22},
  number	= {2},
  pages		= {117--184}
}

@InProceedings{	  jacobson_p1998a,
  author	= {Pauline Jacobson},
  title		= {Antecedent Contained Deletion and Pied-Piping: Evidence
		  for a Variable"=Free Semantics},
  booktitle	= {Proceedings from {Semantics and Linguistic Theory VIII}},
  publisher	= {Cornell University},
  year		= {1998},
  editor	= {Devon Strolovitch and Aaron Lawson},
  pages		= {74--91},
  address	= {Ithaca, New York}
}

@Book{		  jaeger05,
  author	= {Gerhard J\"ager},
  year		= {2005},
  title		= {Anaphora and {Type-Logical Grammar}},
  publisher	= {Springer},
  address	= {Berlin}
}

@Article{	  morrillmerenciano1996,
  author	= {Glyn Morrill and Josep-Maria Merenciano},
  title		= {Generalizing Discontinuity},
  journal	= {Traitement Automatique des Langues},
  year		= {1996},
  volume	= {27},
  number	= {2},
  pages		= {119--143}
}

@Book{		  morrill2011,
  author	= {Glyn Morrill},
  title		= {{Categorial Grammar}: {Logical} Syntax, Semantics, and
		  Processing},
  publisher	= {Oxford University Press},
  address	= {Oxford},
  year		= {2010}
}

@InCollection{	  oehrle2011,
  author	= {Richard T. Oehrle},
  title		= {Multi-{M}odal {T}ype-{L}ogical {G}rammar},
  crossref = {BB2011a},
  pages		= {225--267},
}

@InCollection{	  szabolcsi1992,
  author	= {Anna Szabolcsi},
  title		= {Combinatory Grammar and Projection from the Lexicon},
  editor	= {Ivan A. Sag and Anna Szabolcsi},
  booktitle	= {Lexical Matters},
  publisher	= {CSLI Publications},
  address	= {Stanford},
  year		= {1992},
  number	= {24},
  pages		= {241--268},
  series	= {{CSLI} Lecture Notes}
}

@Article{	  Steedman1987,
  author	= {Mark Steedman},
  year		= {1987},
  title		= {Combinatory Grammars and Parasitic Gaps},
  journal	= {Natural Language and Linguistic Theory},
  volume	= {5},
  number	= {3},
  pages		= {403--439}
}

@Book{		  steedman2012-removed,
  author	= {Mark Steedman},
  title		= {Taking Scope},
  publisher	= {MIT Press},
  address	= {Cambridge, Mass.},
  year		= {2012}
}

@InCollection{	  steedmanbaldridge2007,
  author	= {Mark Steedman and Jason Baldridge},
  title		= {{Combinatory Categorial Grammar}},
  year		= {2011},
  pages		= {181--224},
  crossref	= {borsleyborjars2011}
}

@Book{		  borsleyborjars2011,
  editor	= {Robert D. Borsley and Kersti B\"orjars},
  title		= {Non-Transformational Syntax},
  booktitle	= {Non-Transformational Syntax},
  publisher	= {Wiley-Blackwell},
  year		= {2011}
}

@Article{	  bar-hillel53,
  author	= {Yehoshua Bar-Hillel},
  title		= {A Quasi-Arithmetic Notation for Syntactic Descriptions},
  journal	= {Language},
  year		= {1953},
  volume	= {29},
  pages		= {47--58}
}

@InProceedings{	  moortgatoehrle94,
  author	= {Michael Moortgat and Richard T. Oehrle},
  title		= {Adjacency, dependence, and order},
  booktitle	= {Proceedings of the {Ninth Amsterdam Colloquium}},
  editor	= {Paul Dekker and Martin Stokhof},
  year		= {1994},
  pages		= {447--466},
  address	= {Universiteit van Amsterdam},
  publisher	= {Instituut voor Taal, Logica, en Informatica}
}


@Article{	  bayer96-remove,
  author	= {Samuel Bayer},
  title		= {The Coordination of Unlike Categories},
  journal	= {Language},
  year		= {1996},
  volume	= {72},
  pages		= {579--616}
}

@InProceedings{	  chaves05,
  author	= {Rui Pedro Chaves},
  title		= {A Linearization-Based Approach to Gapping},
  booktitle	= {{FG-MOL} 2005: The 10th conference on {Formal Grammar} and
		  The 9th Meeting on Mathematics of Language},
  editor	= {G. J\"ager and P. Monachesi and G. Penn and S. Wintner},
  publisher	= {University of Edinburgh, Scotland},
  pages		= {207--220},
  year		= {2005}
}

@PhDThesis{	  chaves07,
  author	= {Rui Pedro Chaves},
  title		= {Coordinate Structures - Constraint-based Syntax-Semantics
		  Processing},
  school	= {University of Lisbon},
  address	= {Portugal},
  url		= {http://www.clul.ul.pt/clg/diss_rpc.pdf},
  url_checked	= {03.27.11},
  month		= Dec,
  year		= {2007}
}

@InProceedings{	  abeille-ea,
  author	= {Anne Abeill\'e and Gabriela B\^ilb\^iie and Francois Mouret},
  title		= {A {Romance} Perspective on {Gapping} Constructions},
  booktitle	= {{Romance} in Construction Grammar},
  editor	= {H. Boas and F. Gonz\'alvez Garc\'ia},
  address	= {Amsterdam},
  pages		= {227--265},
  publisher	= {John Benjamins},
  year		= {2014}
}

@InCollection{	  partee-rooth1983a,
  author	= {Barbara Partee and Mats Rooth},
  title		= {Generalized Conjunction and Type Ambiguity},
  booktitle	= {Meaning, Use, and Interpretation of Language},
  publisher	= {Walter de Gruyter},
  year		= {1983},
  editor	= {Rainer B\"auerle and Christoph Schwarze and Arnim von
		  Stechow},
  pages		= {361--383},
  address	= {Berlin}
}

@InCollection{	  curry61,
  author	= {Haskell B. Curry},
  title		= {Some Logical Aspects of Grammatical Structure},
  pages		= {56--68},
  editor	= {Roman Jakobson},
  booktitle	= {Structure of Language and its Mathematical Aspects},
  publisher	= {American Mathematical Society},
  year		= {1961},
  series	= {Symposia on Applied Mathematics},
  address	= {Providence},
  volume	= {12}
}

@PhDThesis{	  kubota-diss,
  author	= {Yusuke Kubota},
  title		= {{(In)flexibility} of Constituency in {Japanese} in
		  {{Multi-Modal Categorial Grammar} with Structured
		  Phonology}},
  year		= {2010},
  school	= {Ohio State University}
}

@InProceedings{	  kubota-levine14fg,
  author	= {Yusuke Kubota and Robert Levine},
  title		= {Unifying local and nonlocal modelling of respective and
		  symmetrical predicates},
  year		= {2014},
  booktitle	= {Proceedings of {Formal Grammar} 2014},
  editor	= {Glyn Morrill and Reinhard Muskens and Rainer Osswald and
		  Frank Richter},
  publisher	= {Springer},
  address	= {Heidelberg},
  pages		= {104--120}
}

@Article{	  kubota-levine-coord,
  author	= {Yusuke Kubota and Robert Levine},
  title		= {Against Ellipsis: Arguments for the Direct Licensing of
		  `Non-Canonical' Coordinations},
  year		= {2015},
  journal	= {Linguistics and Philosophy},
  volume	= {38},
  number	= {6},
  pages		= {521--576}
}

@Article{	  kubota-levine-gapping,
  author	= {Yusuke Kubota and Robert Levine},
  title		= {Gapping as hypothetical reasoning},
  journal	= {Natural Language and Linguistic Theory},
  year		= {2016},
  volume	= {34},
  number	= {1},
  pages		= {107--156}
}

@Article{	  kubota-levine-resp,
  author	= {Yusuke Kubota and Robert Levine},
  title		= {The syntax-semantics interface of `respective'
		  predication: A unified analysis in {Hybrid Type-Logical
		  Categorial Grammar}},
  year		= {2016},
  journal	= {Natural Language and Linguistic Theory},
  volume	= {34},
  number	= {3},
  pages		= {911--973}
}

@InProceedings{	  kubota-levine-nels,
  author	= {Yusuke Kubota and Robert Levine},
  title		= {Scope anomaly of {Gapping}},
  year		= {2014},
  pages		= {247--260},
  publisher	= {GLSA},
  booktitle	= {Proceedings of {NELS} 44}
}

@Article{	  kubota-levine-pseudo,
  author	= {Yusuke Kubota and Robert Levine},
  title		= {Pseudogapping as pseudo-{{VP}} ellipsis},
  year		= {2017},
  pages		= {213--257},
  volume	= {48},
  number	= {2},
  journal	= {Linguistic Inquiry}
}

@Article{	  kubota-NCC,
  author	= {Yusuke Kubota},
  title		= {Nonconstituent Coordination in {Japanese} as Constituent
		  Coordination: An analysis in {Hybrid Type-Logical
		  Categorial Grammar}},
  volume	= {46},
  number	= {1},
  year		= {2015},
  pages		= {1--42},
  journal	= {Linguistic Inquiry}
}
