@incollection{steedman2011ccg,
  title={Combinatory {Categorial} {Grammar}},
  author={Steedman, Mark and Baldridge, Jason},
  optchapter={5},
  pages={181--224},
  crossref = {BB2011a},
  opturl={https://www.research.ed.ac.uk/portal/files/24976508/SteedmanBaldridgeNTSyntax.pdf}
}

@inproceedings{matsuzaki2007supertag,
  title={Efficient {HPSG} Parsing with Supertagging and {CFG}-filtering},
  author={Matsuzaki, Takuya and Miyao, Yusuke and Tsujii, Jun'ichi},
  booktitle={Proceedings of the 20th International Joint Conference on Artificial Intelligence},
  pages={1671--1676},
  year={2007},
  organization={Association for the Advancement of Artificial Intelligence (AAAI)},
  url={https://www.aaai.org/Papers/IJCAI/2007/IJCAI07-270.pdf}
}

@article{bangalore1999supertag,
  title={Supertagging: An approach to almost parsing},
  author={Bangalore, Srinivas and Joshi, Aravind K.},
  journal={Computational Linguistics},
  volume={25},
  number={2},
  pages={237--265},
  year={1999},
  publisher={MIT Press},
  url={http://aclweb.org/anthology/J99-2004}
}

@inproceedings{clark2004supertag,
  title={The Importance of Supertagging for Wide-Coverage {CCG} Parsing},
  author={Clark, Stephen and Curran, James R.},
  booktitle={Proceedings of the 20th International Conference on Computational Linguistics ({COLING})},
  year={2004},
  organization={International Committee on Computational Linguistics (ICCL)},
  url={http://aclweb.org/anthology/C04-1041}
}

@inproceedings{dridan2013ubertag,
  title={Ubertagging: Joint segmentation and supertagging for {English}},
  author={Dridan, Rebecca},
  booktitle={Proceedings of the 2013 Conference on Empirical Methods in Natural Language Processing ({EMNLP})},
  pages={1201--1212},
  year={2013},
  organization={Association for Computational Linguistics (ACL)},
  url={http://aclweb.org/anthology/D13-1120}
}

@inproceedings{copestake2009dmrs,
  title={Slacker semantics: Why superficiality, dependency and avoidance of commitment can be the right way to go},
  author={Copestake, Ann},
  booktitle={Proceedings of the 12th Conference of the {E}uropean Chapter of the {A}ssociation for {C}omputational {L}inguistics ({EACL})},
  pages={1--9},
  year={2009},
  url={http://aclweb.org/anthology/E09-1001}
}

@inproceedings{oepen2006eds,
  title={Discriminant-Based {MRS} Banking},
  author={Oepen, Stephan and L{\o}nning, Jan Tore},
  booktitle={Proceedings of the 5th International Conference on Language Resources and Evaluation ({LREC})},
  pages={1250--1255},
  year={2006},
  organization={European Language Resources Association (ELRA)},
  url={http://www.lrec-conf.org/proceedings/lrec2006/pdf/364_pdf.pdf}
}

@inproceedings{ivanova2012dm,
  title={Who Did What to Whom?: {A} Contrastive Study of Syntacto-Semantic Dependencies},
  author={Ivanova, Angelina and Oepen, Stephan and {\O}vrelid, Lilja and Flickinger, Dan},
  booktitle={Proceedings of the 6th Linguistic Annotation Workshop},
  pages={2--11},
  year={2012},
  organization={Association for Computational Linguistics (ACL)},
  url={http://aclweb.org/anthology/W12-3602}
}

@article{gazdar1985complexity,
  title={Computationally Relevant Properties of Natural Languages and Their Grammars},
  author={Gazdar, Gerald and Pullum, Geoffrey K.},
  journal={New Generation Computing},
  number={3},
  pages={237--306},
  year={1985},
  note={Reprinted in Savitch, Bach, Marsh, and Safran-Naveh (eds.), {\em The Formal Complexity of Natural Language}},
}

@inproceedings{Tou:Man:Shi:Fli:Oep:02,
  author = {Toutanova, Kristina and Manning, Christopher D. and Shieber, Stuart M. and Flickinger, Dan and Oepen, Stephan},
  title = {Parse Disambiguation for a Rich {HPSG} Grammar},
  booktitle = {Proceedings of The First Workshop on Treebanks and Linguistic Theories ({TLT}2002)},
  address = {Sozopol, Bulgaria},
  year = {2002},
  url={http://bultreebank.org/wp-content/uploads/2017/05/paper17.pdf}
}

@article{Tou:Man:Fli:Oep:05,
  title={Stochastic {HPSG} Parse Disambiguation using the {Redwoods} Corpus},
  author={Toutanova, Kristina and Manning, Christopher D. and Flickinger, Dan and Oepen, Stephan},
  journal={Research on Language \& Computation},
  volume={3},
  number={1},
  pages={83--105},
  year={2005},
  publisher={Springer}
}

@Inbook{Fli:Oep:Ben:17,
  author={Flickinger, Dan and Oepen, Stephan and Bender, Emily M.},
  editor={Ide, Nancy and Pustejovsky, James},
  title={Sustainable Development and Refinement of Complex Linguistic Annotations at Scale},
  booktitle={Handbook of Linguistic Annotation},
  year={2017},
  publisher={Springer Netherlands},
  address={Dordrecht},
  pages={353--377},
  isbn={978-94-024-0881-2},
  doi={10.1007/978-94-024-0881-2_14},
  url={http://dx.doi.org/10.1007/978-94-024-0881-2_14}
}

@inproceedings{Carter:97,
  author = {David Carter},
  title = {The {TreeBanker}.
           {A} Tool for Supervised Training of Parsed Corpora},
  editors = {Dominique Estival and Alberto Lavelli 
             and Klaus Netter and Fabio Pianesi},
  booktitle = {Proceedings of the 1997 {ACL} Workshop on Computational Environments for Grammar Development and Linguistic Engineering ({ENVGRAM})},
  address = {Madrid, Spain},
  pages = {9--15},
  year = {1997},
  url = {http://aclweb.org/anthology/W97-1502}
}

@inproceedings{copestake2016pydmrs,
  title={Resources for building applications with {D}ependency {M}inimal {R}ecursion {S}emantics},
  author={Copestake, Ann and Emerson, Guy and Goodman, Michael Wayne and Horvat, Matic and Kuhnle, Alexander and Muszy{\'n}ska, Ewa},
  booktitle={Proceedings of the 10th International Conference on Language Resources and Evaluation ({LREC})},
  pages={1240--1247},
  year={2016},
  organization={European Language Resources Association (ELRA)},
  url={http://www.lrec-conf.org/proceedings/lrec2016/pdf/634_Paper.pdf}
}

@inproceedings{flickinger2013error,
  title={Toward more precision in correction of grammatical errors},
  author={Flickinger, Dan and Yu, Jiye},
  booktitle={Proceedings of the Seventeenth Conference on Computational Natural Language Learning: Shared Task},
  pages={68--73},
  year={2013},
  url={http://aclweb.org/anthology/W13-3609}
}

@article{suppes2014teach,
  title={Positive technological and negative pre-test-score effects in a four-year assessment of low socioeconomic status K-8 student learning in computer-based Math and Language Arts courses},
  author={Suppes, Patrick and Liang, Tie and Macken, Elizabeth E and Flickinger, Daniel P},
  journal={Computers \& Education},
  volume={71},
  pages={23--32},
  year={2014},
  publisher={Elsevier}
}

@inproceedings{morgadodacosta2016error,
  title={Syntactic Well-Formedness Diagnosis and Error-Based Coaching in Computer Assisted Language Learning using Machine Translation},
  author={Morgado da Costa, Luis and Bond, Francis and He, Xiaoling},
  booktitle={Proceedings of the 3rd Workshop on Natural Language Processing Techniques for Educational Applications ({NLPTEA}2016)},
  pages={107--116},
  year={2016},
  url={http://aclweb.org/anthology/W16-4914}
}

@article{bond2011deep,
  title={Deep open-source machine translation},
  author={Bond, Francis and Oepen, Stephan and Nichols, Eric and Flickinger, Dan and Velldal, Erik and Haugereid, Petter},
  journal={Machine Translation},
  volume={25},
  number={2},
  pages={87},
  year={2011},
  publisher={Springer}
}

@phdthesis{horvat2017translate,
  title={Hierarchical statistical semantic translation and realization},
  author={Horvat, Matic},
  year={2017},
  school={University of Cambridge},
  url={http://www.cl.cam.ac.uk/techreports/UCAM-CL-TR-913.pdf}
}

@phdthesis{goodman2018translate,
  title={Semantic Operations for Transfer-based Machine Translation},
  author={Goodman, Michael Wayne},
  year={2018},
  url={https://digital.lib.washington.edu/researchworks/bitstream/handle/1773/42432/Goodman_washington_0250E_18405.pdf}
}

@phdthesis{emerson2018functional,
  title={Functional Distributional Semantics: Learning Linguistically Informed Representations from a Precisely Annotated Corpus},
  author={Emerson, Guy},
  year={2018},
  school={University of Cambridge},
  url={https://www.repository.cam.ac.uk/bitstream/handle/1810/284882/thesis.pdf}
}

@inproceedings{fang2016summarise,
  title={A proposition-based abstractive summariser},
  author={Fang, Yimai and Zhu, Haoyue and Muszy{\'n}ska, Ewa and Kuhnle, Alexander and Teufel, Simone},
  booktitle={Proceedings of {COLING} 2016, the 26th International Conference on Computational Linguistics: Technical Papers},
  pages={567--578},
  year={2016},
  url={http://aclweb.org/anthology/C16-1055}
}

@inproceedings{oepen2014semeval,
  title={{SemEval} 2014 Task 8: Broad-Coverage Semantic Dependency Parsing},
  author={Oepen, Stephan and Kuhlmann, Marco and Miyao, Yusuke and Zeman, Daniel and Flickinger, Dan and Hajic, Jan and Ivanova, Angelina and Zhang, Yi},
  booktitle={Proceedings of the 8th International Workshop on Semantic Evaluation ({SemEval} 2014)},
  pages={63--72},
  year={2014},
  url={http://aclweb.org/anthology/S14-2008}
}

@inproceedings{oepen2015semeval,
  title={{SemEval} 2015 Task 18: Broad-Coverage Semantic Dependency Parsing},
  author={Oepen, Stephan and Kuhlmann, Marco and Miyao, Yusuke and Zeman, Daniel and Cinkov{\'a}, Silvie and Flickinger, Dan and Hajic, Jan and Uresova, Zdenka},
  booktitle={Proceedings of the 9th International Workshop on Semantic Evaluation ({SemEval} 2015)},
  pages={915--926},
  year={2015},
  url={http://aclweb.org/anthology/S15-2153}
}

@inproceedings{buys2017parse,
  title={Robust Incremental Neural Semantic Graph Parsing},
  author={Buys, Jan and Blunsom, Phil},
  booktitle={Proceedings of the 55th Annual Meeting of the Association for Computational Linguistics ({ACL}), Long Papers},
  pages={1215--1226},
  year={2017},
  url={http://aclweb.org/anthology/P17-1112}
}

@inproceedings{chen2018parse,
  title={Accurate {SHRG}-Based Semantic Parsing},
  author={Chen, Yufei and Sun, Weiwei and Wan, Xiaojun},
  booktitle={Proceedings of the 56th Annual Meeting of the Association for Computational Linguistics ({ACL}), Long Papers},
  pages={408--418},
  year={2018},
  url={http://aclweb.org/anthology/P18-1038}
}

@inproceedings{schaefer2011acl,
  title={The {ACL} Anthology Searchbench},
  author={Sch{\"a}fer, Ulrich and Kiefer, Bernd and Spurk, Christian and Steffen, J{\"o}rg and Wang, Rui},
  booktitle={Proceedings of the 49th Annual Meeting of the Association for Computational Linguistics ({ACL}), Systems Demonstrations},
  pages={7--13},
  year={2011},
  url={http://aclweb.org/anthology/P11-4002}
}

@inproceedings{reiplinger2012glossary,
  title={Extracting glossary sentences from scholarly articles: A comparative evaluation of pattern bootstrapping and deep analysis},
  author={Reiplinger, Melanie and Sch{\"a}fer, Ulrich and Wolska, Magdalena},
  booktitle={Proceedings of the ACL-2012 Special Workshop on Rediscovering 50 Years of Discoveries},
  pages={55--65},
  year={2012},
  organization={Association for Computational Linguistics},
  url={http://aclweb.org/anthology/W12-3206}
}

@inproceedings{kuhnle2018shapeworld,
  title={Deep learning evaluation using deep linguistic processing},
  author={Kuhnle, Alexander and Copestake, Ann},
  booktitle={Proceedings of the Workshop on Generalization in the Age of Deep Learning},
  pages={17--23},
  year={2018},
  url={http://aclweb.org/anthology/W18-1003}
}

