%% This BibTeX bibliography file was created using BibDesk.
%% http://bibdesk.sourceforge.net/

%% Created for Pollet Samvelian at 2016-07-13 01:34:07 +0200 


%% Saved with string encoding Unicode (UTF-8) 



@InProceedings{	  abeille1995doublestructure,
  author	= {Anne Abeill\'e and Dani\`ele Godard and Philip Miller},
  pages		= {129--150},
  title		= {La double structure des causatifs et des verbes de perception},
  booktitle	= {Actes 2d {Colloque} des lexiques-grammaires compar\'es},
  editor    = {J. Labelle},
  address	= {Montr\'eal},
  publisher	= {UQAM},
  year		= {1995}
}

@InCollection{	 AG2010,
  address	= {Stanford},
  author	= {Anne Abeill\'e and Dani\`ele Godard},
  booktitle	= {{Fundamental Issues in the Romance Languages}},
  editor	= {Dani\`ele Godard},
  pages		= {107--170},
  publisher	= {CSLI Publications},
  title		= {Complex Predicates in the {Romance} Languages},
  year		= {2010}
}


@InCollection{	  AGS1998,
  author	= { Anne Abeillé and Danièle Godard and Ivan A. Sag},
  crossref	= {HKN98a-ed},
  pages		= {1--41},
  title		= {Two kinds of composition in {French} complex predicates}
}


@InCollection{	 AP1983,
  address	= {Chicago},
  author	= {Judith Aissen and David Perlmutter},
  booktitle	= {Studies in Relational Grammar 1},
  editor	= {David Perlmutter},
  pages		= {360--403},
  publisher	= ucp,
  title		= {Clause reduction in Spanish},
  volume	= {},
  year		= {1983}
}



@Book    {gunnar1955studien,
  author        = {Bech, Gunnar},
    title         = {Studien \"uber das deutsche {Verbum} infinitum. {Det Kongelige Danske}
videnskabernes selskab. {Historisk- Filosofiske Meddelelser}},
  year          = {1955},
  address       = {Kopenhagen},
  publisher     = {Munksgaard},
  note          = {2nd unrevised edition published
1983 by {Max Niemeyer Verlag, Tübingen (Linguistische Arbeiten 139)}}
}


@Misc{		  BS2010,
  author	= {Olivier Bonami and Pollet Samvelian},
  note		= {Talk presented at Les Décembrettes 7. Colloque international de morphologie, 2-3 December, 2-3, 2010},
  title		= {Persian complex predicates: Lexeme formation by itself},
  year		= {2010}
}






@InCollection{	  CC1998,
  author	= {Chan Chung},
  crossref	= {HKN98a-ed},
  pages		= {159--220},
  title		= {Argument composition and long-distance scrambling in {Korean}: {An} extension of the complex predicate analysis.}
}


@PhDThesis{	  Cook2001coherence,
  author	= {Cook, Philippa Helen},
  school	= {University of Manchester},
  title		= {{Coherence in German: An Information Structure Approach}},
  year		= {2001}
}





@article    {geach1970program,
  author        = {Geach, Peter},
    title         = {A Program for Syntax},
  journal       = {Synth\`ese},
  pages         = {3--17},
  volume        = {22},
  year          = {1970},
  note          = {{Reprint in Donald Davidson \& Gilbert Harman (eds.), 1972, \textit{Semantics of Natural Language}, 483--497, Springer.}}
}



@Article{	  MH2016,
  author	= {Martin Haspelmath},
  journal	= {Language and Linguistics},
  number	= {3},
  pages		= {291--319},
  title		= {The serial verb construction: {Comparative} concept and cross linguistic generalizations},
  volume	= {17},
  year		= {2016}
}




@InCollection   {hohle2018spuren,
  title     = {Spuren in {HPSG}},
  author    = {H{\"o}hle, Tilman N.},
  booktitle = {Beitr\"age zur deutschen {Grammatik: Gesammelte Schriften}},
  editor    = {Stefan M\"uller and Marga Reis and Frank Richter},
  pages     = {491--498},
  year      = {2018},
  address   = {Berlin},
  publisher = {Language Science Press}
}




@book{kiss1995infinite,
  title     = {{Infinite Komplementation: Neue Studien zum deutschen Verbum infinitum}},
  author    = {Kiss, Tibor},
  year      = {1995},
  address   = {T\"ubingen},
  publisher = {Niemeyer}
}


@Book{kathol2000linear,
  title     = {{Linear Syntax}},
  author    = {Kathol, Andreas},
  year      = {2000},
  address   = {Oxford},
  publisher = {Oxford University Press}
}


@techreport{Meurers2000,
    Address = {T\"ubingen},
    Author = {Detmar Meurers},
    Institution = {Eberhard-Karls-Universit\"at},
    Number = {145},
    Title = {Lexical Generalizations in the Syntax of {German} Non-Finite Constructions},
    Type = {Arbeitspapiere des SFB 340},
    Year = {2000}
    }

@InProceedings{DM2002,
  address	= {Stanford},
  author	= {Detmar Meurers},
  booktitle	= {{Proceedings of the 8th International Conference on
		  Head-Driven Phrase Structure Grammar}},
  editor	= {Van Eynde, Frank and Lars Hellan and Dorothee Beermann},
  pages		= {235--246},
  publisher	= {CSLI Publications},
  title		= {{To Flip or not to Flip: On the Nature of Irregularities in the German Verbal Complex}},
  year		= {2001}
}




@InProceedings{	  SF2016,
  address	= {Berkeley},
  author	= {Pollet Samvelian and Pegah Faghiri},
  booktitle	= {Proceedings of the {39th Annual Meeting of the
		  Berkeley Linguistics Society}},
  pages		= {212--227},
  publisher	= {Berkeley Linguistics Society},
  year		= {2016}
}

@InCollection{	  Sells1991,
  address	= {Seoul},
  author	= {Peter Sells},
  booktitle	= {Harvard {Studies} in {Korean} {Linguistics} {IV}},
  editor	= {Susumo Kuno and others},
  pages		= {395--406},
  publisher	= {Hanshin},
  series	= {},
  title		= {Complex verbs and argument structures in Korean},
  year		= {1991}
}


@InCollection{	 Suner1991,
  address	= {Dordrecht},
  author	= {Margarita Su\~ner},
  booktitle	= {Logical Structure and Linguistic Structure},
  editor	= {C.-T. James Huang and  Robert May},
  pages		= {233--252},
  publisher	= {Kluwer},
  series	= { Studies in Linguistics and Philosophy },
  title		= {Two Properties of Clitics in Clitic-Doubled Constructions},
  volume	= {40},
  year		= {2010}
}



@InCollection{ abeille1998romance,
  title     = {French Bounded Dependencies},
  author    = {Abeill{\'e}, Anne and Godard, Dani{\`e}le and Miller, Philip and Sag, Ivan A},
  year      = {1998},
  publisher = {CSLI Publications},
  address = {Stanford},
  editor    = {S. Balari and L. Dini},
  booktitle = {{Romance in HPSG}},
  pages     = {1--54}
}

@Article{abeille2001deux,
  title     =   {Deux types de pr{\'e}dicats complexes dans les langues romanes},
  author    =   {Abeill{\'e}, Anne and Godard, Dani{\`e}le},
  journal   =   {Linx},
  volume    =   {45},
  pages     =   {167--175},
  year      =   {2001}
}



@InProceedings{ abeille2001varieties,
  title     ={ Varieties of {ESSE} in {Romance} languages},
  author    ={ Abeill\'e, Anne and Godard, Dani\`ele},
  booktitle ={{Proceedings of 7th Conference of HPSG}},
  editor    = {D. Flickinger and A. Kathol},
  pages     = {2--22},
  publisher = {CSLI Publications},
  address  =   {Stanford},
  year      ={ 2001}
}

@InCollection{abeille2000french,
  title     = {French word order and lexical weight},
  author    = {Abeill{\'e}, Anne and Godard, Dani\`ele},
  editor    = {R. Borsley},
  booktitle = {{The Nature and Function of Syntactic Categories}},
  pages     = {325--360},
  year      = {2000},
  address   = {New York},
  publisher = {Academic Press}
}

@InProceedings{abeille1994complementation,
  title     = {The complementation of tense auxiliaries in {French}},
  author    = {Abeill{\'e}, Anne and Godard, Dani\`ele},
  booktitle = {{Proceedings of WCCFL}},
  volume    = {13},
  address   = {Stanford},
  publisher = {CSLI Publications},
  pages     = {157--172},
  year      = {1994}
}

@InBook{aissen1983clause,
  title     = {Clause reduction in {Spanish}},
  author    = {Aissen, Judith and Perlmutter, David M.},
  booktitle = {{Studies in Relational Grammar }},
  editor    = {D. Perlmutter},
  volume    = {1},
  pages     = {360--403},
  year      = {1983},
  address   = {Chicago},
  publisher = {Chicago University Press}
}

@Book{andrews1999complex,
  title     = {{Complex Predicates and Information Spreading in LFG}},
  author    = {Andrews, Avery D. and Manning, Christopher D.},
  year      = {1999},
  publisher = {CSLI Publications},
  address   = {Stanford}
  }

@InCollection{bonami2018lexeme,
  title     = {Lexeme and flexeme in a formal theory of grammar},
  author    = {Bonami, Olivier and Crysmann, Berthold},
  booktitle   = {{The Lexeme in Descriptive and Theoretical Morphology}},
  editor    = {Olivier Bonami and Gilles Boy\'e and Georgette Dal and H\'el\`ene Giraudo and Fiammetta Namer},
  pages     = {175-202},
  year      = {2018},
  address   = {Berlin},
  publisher = {Language Science Press}
}

@Conference{bonami2010persian,
  title     = {Persian complex predicates: {Lexeme} formation by itself},
  author    = {Bonami, Olivier and Samvelian, Pollet},
  booktitle = {{D\'ecembrettes 7. Colloque international de morphologie}},
  address   = {Toulouse, 2-3 d\'ecembre 2010},
  year      = {2010},
  url   =   {http://www.llf.cnrs.fr/fr/node/3496}
}

@Article{bonami2015diversity,
  title     = {The diversity of inflectional periphrasis in Persian},
  author    = {Bonami, Olivier and Samvelian, Pollet},
  journal   = {Journal of Linguistics},
  volume    = {51},
  number    = {2},
  pages     = {327--382},
  year      = {2015},
  publisher = {Cambridge University Press}
}

@InProceedings{bonami2012phrase,
  title     = {The Phrase structural Diversity of Periphrasis: {A} Lexicalist Account},
  author    = {Bonami, Olivier and Webelhuth, Gert},
  year      = {2012},
  pages     = {141--167},
  booktitle = {{Periphrasis: The Role of Syntax and Morphology in Paradigms}},
  series    = {{Proceedings of the British Academy}},
  number    = {180},
  editor    = {Marina Chumakina and Greville G. Corbett},
  address   = {Oxford},
  publisher   = {Oxford University Press/British Academy},
}

@Article{bouma2001satisfying,
  title     = {Satisfying Constraints on Extraction andAdjunction},
  author    = {Bouma, Gosse and Malouf, Robert and Sag, Ivan A},
  journal   = {Natural Language \& Linguistic Theory},
  volume    = {19},
  number    = {1},
  pages     = {1--65},
  year      = {2001},
  publisher = {Springer}
}

@Book{butt1995structure,
  title     = {{The Structure of Complex Predicates in Urdu}},
  author    = {Butt, Miriam},
  year      = {1995},
  address   = {Stanford},
  publisher = {CSLI Publications}
}

@InProceedings{choi2001mixed,
  title     = {Mixed categories and argument transfer in the {Korean} light verb construction},
  author    = {Choi, Incheol and Wechsler, Stephen},
  booktitle = {{Proceedings of the 8th International Conference on Head-Driven Phrase Structure Grammar}},
  editor	= {Van Eynde, Frank and Lars Hellan and Dorothee Beermann},
  pages     = {103--120},
  publisher	= {CSLI Publications},
  address   = {Stanford},
  year      = {2002}
}

@Book{ginzburg2000interrogative,
  title     = {{Interrogative Investigations}},
  address   = {Stanford},
  author    = {Ginzburg, Jonathan and Sag, Ivan A.},
  year      = {2000},
  publisher = {CSLI Publications}
}

@Book{gunji2012topics,
  title     = {{Topics in Constraint-Based Grammar of Japanese}},
  editor    = {Gunji, Takao and Hasida, K{\^o}iti},
  number    = {68},
  year      = {2012},
  series    = {Studies in Linguistics and Philosophy},
  publisher = {Springer}
}

@InCollection{hale1997complex,
  title     = {On the complex nature of simple predicators},
  author    = {Hale, Ken and Keyser, Samuel Jay},
  booktitle   = {{Complex Predicates}},
  editor    = {Alsina Alex and Joan Bresnan and Peter Sells},
  pages     = {29--65},
  year      = {1996},
  publisher = {CSLI Publications},
  address    = {Stanford}
}

@Article    {hinrichs1989flipped,
  title     = {Flipped out: {AUX} in {German}},
  author    = {Hinrichs, Erhard W. and Nakazawa, Tsuneko},
  journal = {Chicago Linguistic Society},
  volume    = {24},
  pages     = {193--202},
  year      = {1989}
}

@Unpublished    {muller2013copula,
  title     = {{On the Copula, Specificational Constructions and Type Shifting}},
  author    = {M{\"u}ller, Stefan},
  note      = {Ms},
  address   = {Freie Universit\"at Berlin},
  year      = {2013}
}

@Book{muller2018clause,
  title     = {{German Clause Structure: An Analysis with Special Consideration of Apparent Multiple Frontings}},
  author    = {M{\"u}ller, Stefan},
  note      = {To appear},
  url       = {hpsg.hu-berlin.de/~stefan/Pub/gs.html},
  year      = {2018}
}


@Book{koenig1999lexical,
  title     = {{Lexical Relations}},
  author    = {Koenig, Jean-Pierre},
  year      = {1999},
  publisher = {CSLI publications},
  address   = {Stanford}
}

@InCollection{kraak1998deductive,
  title     = {A deductive account of {French} object clitics},
  author    = {Kraak, Esther},
crossref	= {HKN98a-ed},
  pages		= {313--368},
}

@InBook{lee2001argument,
  title     = {Argument composition and linearization: {Korean} complex predicates and scrambling},
  author    = {Lee, Sun-Hee},
  year      = {2001},
  booktitle = {OSUWPL},
  series    ={56},
  pages     ={53--78},
  publisher = {Ohio State University. Department of Linguistics}
}

@InCollection{manning1999lexical,
  title     = {{The Lexical Integrity of Japanese Causatives}},
  author    = {Manning, Christopher and Sag, Ivan A. and Iida, Masayo},
  booktitle  ={{Readings in Modern Phrase Structure Grammar}},
  editor    ={R. Levine and G. Green},
  pages     = {39--79},
  year      = {1999},
  publisher = {Cambridge University Press},
  address   = {Cambridge}
}

@PhDThesis{megerdoomian2000beyond,
  title     ={{Beyond Words and Phrases: A Unified Theory of Predicate Composition}},
  author    ={Megerdoomian, Karine},
  year      ={2002},
  address    ={University of Southern California}
}

@Article{miller1997french,
  title     = {French clitic movement without clitics or movement},
  author    = {Miller, Philip H. and Sag, Ivan A.},
  journal   = {Natural Language \& Linguistic Theory},
  volume    = {15},
  number    = {3},
  pages     = {573--639},
  year      = {1997},
  publisher = {Springer}
}



@Article{muller2003solving,
  title     = {Solving the bracketing paradox: {An} analysis of the morphology of {German} particle verbs},
  author    = {M{\"u}ller, Stefan},
  journal   = {Journal of Linguistics},
  volume    = {39},
  number    = {2},
  pages     = {275--325},
  year      = {2003},
  publisher = {Cambridge University Press}
}

@Article{muller2010persian,
  title     = {Persian complex predicates and the limits of inheritance-based analyses},
  author    = {M{\"u}ller, Stefan},
  journal   = {Journal of Linguistics},
  volume    = {46},
  number    = {3},
  pages     = {601--655},
  year      = {2010},
  publisher    = {Cambridge University Press}
}

@Book{nerbonne1994german,
  title     = {{German in Head-Driven Phrase Structure Grammar}},
  editor    = {Nerbonne, John and Netter, Klaus and Pollard, Carl Jesse},
  volume    = {46},
  year      = {1994},
  publisher = {CSLI Publications},
  address   = {Stanford}
}

@PhDThesis{orgun1996sign,
  author    = {Orgun, Cemil Orhan},
  title     = {{Sign-Based Morphology and Phonology with Special Attention to Optimality Theory}},
  address   = {University of California Berkeley},
  year      = {1996}
}

@Article    {pollard1987information,
  title     = {Information-based syntax and semantics},
  author    = {Pollard, Carl and Sag, Ivan A.},
  journal   = {CSLI lecture notes},
  volume    = {13},
  year      = {1987}
}


@InProceedings{poornima2009hindi,
  title     = {{Hindi Aspectual Complex Predicates}},
  author    = {Poornima, Shakthi and Koenig, Jean-Pierre},
  booktitle  = {{Proceedings of the International Conference on Head-Driven Phrase Structure Grammar}},
  pages     = {276--296},
  year      = {2009}
}


@InCollection{reape1994domain,
  title     = {Domain Union and Word Order Variation in {German}},
  author    = {Reape, Mike},
  pages     = {151--197},
  year      = {1994},
  booktitle = {{German inHead-Driven Phrase Structure Grammar}},
      note    = {CSLI Lecture Notes},
  editor    =   {J. Nerbonne and others},
  address = {Stanford} 
}

@Article{riehemann1998type,
  title     = {{Type-based Derivational Morphology}},
  author    = {Riehemann, Susanne Z},
  journal   = {The Journal of Comparative Germanic Linguistics},
  volume    = {2},
  pages     = {49--77},
  year      = {1998},
  publisher = {Springer}
}

CSLI Lecture Notes, N° 46


@Book{		  rizzi1982issues,
  author	= {Rizzi, Luigi},
  title		= {{Issues in Italian Syntax}},
  address	= {Dordrecht},
  publisher	= {Reidel},
  year		= {1982}
}

@Book{sag2003syntactic,
  title     = {{Syntactic theory: A formal Introduction}},
  author    = {Sag, Ivan A. and Wasow, Thomas and Bender, Emily M.},
  address   = {Stanford},
    note    = {2nd edition},
    publisher = {CSLI Publications},
  year      = {2003}
}

@Article{salvi1980ausiliari,
  title     = {Gli ausiliari `essere' e `avere' in italiano},
  author    = {Salvi, Giampaolo},
  journal   = {Acta Linguistica Academiae Scientiarum Hungaricae},
  volume    = {30},
  pages     = {137--162},
  year      = {1980}
}

@Book{		  pollet2012grammaire,
  address	= {Paris},
  author	= {Pollet Samvelian},
  publisher	= {Lavoisier},
  title		= {Grammaire des pr{\'e}dicats complexes: les constructions nom-verbe},
  year		= {2012}
}

@InProceedings{	  Yoo2003,
  address	= stanford,
  author	= {Eun-Jung Yoo},
  booktitle	= {The Proceedings of the {9th International Conference on
		  Head-Driven Phrase Structure Grammar}},
  editor	= {Jong-Bok Kim and Stephen Wechsler},
  pages		= {413--438},
  publisher	= cslip,
  title		= {Case marking in {Korean} auxiliary Verb Constructions},
  url		= {},
  urldate	= {},
  year		= {2003}
}



@InCollection{   webelhuth1998causatives,
  title     = {Causatives and the nature of argument structure},
  author    = {Webelhuth, Gert},
  booktitle   = {Syntax and Semantics Vol. 30: Complex Predicates in Non-derivational Syntax},
  editor	= {Erhard Hinrichs and Andreas Kathol and Tsuneko Nakazawa},
  pages     = {369--422},
    address	= {San Diego},
  year      = {1998},
  publisher = {Academic Press}
}

@InProceedings{Wechsler1995b,
  title     = {Preposition selection outside the lexicon},
  author    = {Wechsler, Stephen},
  booktitle = {Proceedings of 13th {West Coast conference on Formal Linguistics}},
  editor    = {Raul Aranovich and William Byrne and Susanne Preuss and Matha Senturia},
  publisher = {UCSD},
  pages     = {416--431},
  year      = {1994}
}

@book{suner1982syntax,
  title     = {{The Syntax and Semantics of Presentational Types}},
  author    = {Su{\~n}er, Margarita},
  year      = {1982},
  address   = {Washington, D.C.},
  publisher = {Georgetown University Press}
}