
@article{dummy,
author = {dummy dumm}
}