% Encoding: UTF-8

@Article{Jackendoff1975,
  author  = {Jackendoff, Ray},
  title   = {Morphological and semantic regularities in the lexicon},
  journal = {Language},
  year    = {1975},
  volume  = {51},
  pages   = {639--671},
  series  = {3},
}

@Book{Carpenter1992,
  title     = {The Logic of Typed Feature Structures},
  publisher = {Cambridge University Press},
  year      = {1992},
  author    = {Carpenter, Bob},
  number    = {32},
  series    = {Cambridge Tracts in Theoretical Computer Science},
  address   = {Cambridge},
}

@InCollection{Broadwell2008,
  author    = {Broadwell, George Aaron},
  title     = {Turkish suspended affixation is lexical sharing},
  booktitle = {Proceedings of the {LFG08} Conference},
  publisher = {CSLI Publications},
  year      = {2008},
  editor    = {Miriam Butt and Tracy Holloway King},
  pages     = {198--213},
  address   = {Stanford},
}

@Book{Goldberg1995,
  title     = {Constructions: A Construction Grammar Approach to Argument Structure},
  publisher = {Chicago University Press},
  year      = {1995},
  author    = {Goldberg, Adele},
  series    = {Cognitive Theory of Language and Culture Series},
  address   = {Chicago},
}

@InCollection{Monachesi1993,
  author    = {Paola Monachesi},
  title     = {Object Clitics and Clitic Climbing in {I}talian {HPSG} Grammar},
  booktitle = {Proceedings of the Sixth Conference of the {European} Chapter of the {Association} for {Computational} {Linguistics}},
  year      = {1993},
  pages     = {437--442},
  address   = {Utrecht},
}

@Article{KimandSag2002,
  author  = {Jong-Bok Kim and Ivan Sag},
  title   = {Negation Without Head Movement},
  journal = {Natural Language and Linguistic Theory},
  year    = {2002},
  volume  = {20},
  number  = {2},
  pages   = {339--412},
}

@Book{PollardandSag1987,
  title     = {Information-based Syntax and Semantics},
  publisher = {CSLI Publications},
  year      = {1987},
  author    = {Pollard, Carl and Sag, Ivan},
  number    = {13},
  series    = {Lecture Notes},
  address   = {Stanford, CA},
}

@Article{Sag1997,
  author  = {Sag, Ivan},
  title   = {English relative clauses},
  journal = {Journal of Linguistics},
  year    = {1997},
  volume  = {33},
  number  = {2},
  pages   = {431--483},
}

@Book{Davis2001,
  title     = {Linking by Types in the Hierarchical Lexicon},
  publisher = {CSLI Publications},
  year      = {2001},
  author    = {Anthony Davis},
  series    = {Studies in Constraint-Based Lexicalism},
  address   = {Stanford},
}

@Article{Mueller2010,
  author  = {Stefan M{\"u}ller},
  title   = {Persian complex predicates and the limits of inheritance-based analyses},
  journal = {Journal of Linguistics},
  year    = {2010},
  volume  = {46},
  number  = {3},
  pages   = {601--655},
}

@InProceedings{Lahm2016,
  author    = {Lahm, David},
  title     = {Refining the semantics of lexical rules in HPSG},
  booktitle = {Proceedings of the Joint 2016 Conference on {Head}-driven {Phrase} {Structure} {Grammar} and {Lexical} {Functional} {Grammar}, {Polish} {Academy} of {Sciences}},
  year      = {2016},
  editor    = {Arnold, Doug and Butt, Miriam and Crysmann, Berthold and King, Tracy Holloway and M{\"u}ller, Stefan},
  pages     = {360--379},
  address   = {Stanford, CA},
  publisher = {CSLI Publications},
  optissn   = {1535-1793, 1098-6782},
  url       = {http://cslipublications.stanford.edu/HPSG/2016/headlex2016-lahm.pdf},
}

@Article{LascaridesandCopestake1999,
  author  = {Alex Lascarides and Ann Copestake},
  title   = {Default Representation in Constraint{-}based Frameworks},
  journal = {Computational Linguistics},
  year    = {1999},
  volume  = {25},
  number  = {1},
  pages   = {55--105},
}

@Article{Mueller2015,
  author  = {Stefan {M\"uller}},
  title   = {The {CoreGram} Project: Theoretical Linguistics, Theory Development and Verification},
  journal = {Journal of Language Modelling},
  year    = {2015},
  volume  = {3},
  pages   = {21--86},
}

@Article{Mueller2018,
  author  = {Stefan {M\"uller}},
  title   = {The end of lexicalism as we know it},
  journal = {Language},
  year    = {2018},
  volume  = {94},
  pages   = {e54--e66},
}

@InCollection{Chomsky1970,
  author    = {Chomsky, Noam},
  title     = {Remarks on Nominalization},
  booktitle = {Readings in {English} Transformational Grammar},
  publisher = {Ginn},
  year      = {1970},
  editor    = {Jacobs, Roderick A. and Rosenbaum, Peter S.},
  pages     = {184--221},
  address   = {Boston},
}

@InCollection{HalleandMarantz1993,
  author    = {Morris Halle and Alec Marantz},
  title     = {Distributed Morphology and the Pieces of Inflection},
  booktitle = {The view from Building 20},
  publisher = {MIT Press},
  year      = {1993},
  editor    = {Kenneth Hale and Samuel Jay Keyser},
  number    = {24},
  series    = {Current Studies in Linguistics},
  pages     = {111--176},
  address   = {Cambridge, MA},
}

@InCollection{BonamiandBoye2001,
  author    = {Olivier Bonami and Gilles {Boy\'e}},
  title     = {Suppletion and dependency in inflectional morphology},
  booktitle = {Proceedings of the 2001 {HPSG} conference},
  publisher = {CSLI Publications},
  year      = {2001},
  editor    = {van Eyde, Frank and Lars Hellan and Dorothee Beermann},
  pages     = {51--70},
  address   = {Stanford},
}

@InCollection{Stump1993b,
  author    = {Gregory Stump},
  title     = {Position classes and morphological theory},
  booktitle = {Yearbook of {Morphology}},
  publisher = {Kluwer},
  year      = {1993},
  editor    = {Booij, Gert and van Marle, Jaap},
  pages     = {129--180},
  journal   = {Yearbook of Morphology},
}

@Article{Meurers2001,
  author  = {Detmar Meurers},
  title   = {On Expressing Lexical Generalizations in {HPSG}},
  journal = {Nordic Journal of Linguistics},
  year    = {2001},
  volume  = {24},
  number  = {2},
  pages   = {161--217},
}

@Conference{Crysmann2000b,
  author    = {Berthold Crysmann},
  title     = {On the Placement and Morphology of {Udi} Subject Agreement},
  booktitle = {7th International Conference on {Head}-driven {Phrase} {Structure} {Grammar}},
  year      = {2000},
  address   = {Berkeley, CA},
}

@InCollection{Crysmann2000a,
  author    = {Berthold Crysmann},
  title     = {Clitics and coordination in linear structure},
  booktitle = {Clitics in Phonology, Morphology and Syntax},
  publisher = {John Benjamins},
  year      = {2000},
  editor    = {Birgit Gerlach and Janet Grijzenhout},
  pages     = {121--159},
  address   = {Amsterdam},
}

@InCollection{Wechsler1999,
  author    = {Stephen Wechsler},
  title     = {{HPSG}, {GB}, and the {Balinese} Bind},
  booktitle = {Lexical and Constructional Aspects of Linguistic Explanation},
  publisher = {CSLI publications},
  year      = {1999},
  editor    = {Gert Webelhuth and Jean-Pierre Koenig and Andreas Kathol},
  series    = {Studies in Constraint-Based Lexicalism},
  pages     = {179--195},
  address   = {Stanford, CA},
}

@Book{GinzburgandSag2001,
  title     = {Interrogative Investigations: {The} Form, Meaning, and Use of {English} Interrogatives},
  publisher = {CSLI Publications},
  year      = {2001},
  author    = {Jonathan Ginzburg and Ivan Sag},
  number    = {123},
  series    = {Lecture Notes},
  address   = {Stanford, CA},
}

@Article{BriscoeandCopestake1999,
  author  = {Ted Briscoe and Ann Copestake},
  title   = {Lexical Rules in Constraint-based Grammars},
  journal = {Computational Linguistics},
  year    = {1999},
  volume  = {25},
  number  = {4},
  pages   = {487--526},
}

@InCollection{Booij2005,
  author    = {Gert Booij},
  title     = {Compounding and derivation: Evidence for {Construction} {Morphology}},
  booktitle = {Morphology and its demarcations},
  publisher = {John Benjamins},
  year      = {2005},
  editor    = {Wolfgang Dressler and Dieter Kastovsky and Oskar Pfeiffer and Franx Rainer},
  number    = {264},
  series    = {Current Issues in Linguistic Theory},
  pages     = {109--132},
  address   = {Amsterdam},
}

@Article{MillerandSag1997,
  author  = {Philip Miller and Ivan Sag},
  title   = {French clitic movement without clitics or movement},
  journal = {Natural Language and Linguistic Theory},
  year    = {1997},
  volume  = {15},
  number  = {3},
  pages   = {573--639},
}

@Article{DavisandKoenig2000b,
  author  = {Anthony Davis and Jean-Pierre Koenig},
  title   = {Linking as constraints on word classes in a hierarchical lexicon},
  journal = {Language},
  year    = {2000},
  volume  = {76},
  number  = {1},
  pages   = {56--91},
}

@InCollection{Mueller2007b,
  author    = {Stefan M{\"u}ller},
  title     = {The {Grammix CD Rom}. A Software Collection for Developing Typed Feature Structure Grammars},
  booktitle = {Grammar Engineering across Frameworks 2007},
  publisher = {CSLI Publications},
  year      = {2007},
  editor    = {Tracy Holloway King and Emily M. Bender},
  series    = {Studies in Computational Linguistics ONLINE},
  pages     = {259--266},
  address   = {Stanford},
  url       = {https://hpsg.hu-berlin.de/~stefan/Pub/grammix.html},
}

@PhdThesis{Tegey1977,
  author  = {Tegey, Habibullah},
  title   = {The grammar of clitics: Evidence from {P}ashto and other languages},
  school  = {University of Illinois at Urbana-Champaign},
  year    = {1977},
  address = {Urbana-Champaign},
}

@Article{Chaves2014,
  author  = {Rui Chaves},
  title   = {On the disunity of right-node raising phenomena: Extraposition, ellipsis, and deletion},
  journal = {Language},
  year    = {2014},
  volume  = {90},
  number  = {4},
  pages   = {834--886},
}

@Article{Kay2002,
  author  = {Paul Kay},
  title   = {An informal sketch of a formal architecture for {Construction} {Grammar}},
  journal = {Grammars},
  year    = {2002},
  volume  = {5},
  pages   = {1--19},
}

@Article{Harris2000,
  author  = {Alice Harris},
  title   = {Where in the Word is the {U}di Clitic?},
  journal = {Language},
  year    = {2000},
  volume  = {76},
  number  = {3},
  pages   = {593--616},
}

@Article{BresnanandMchombo1995,
  author  = {Joan Bresnan and Sam Mchombo},
  title   = {The {Lexical} {Integrity} {Principle}: Evidence from {B}antu},
  journal = {Natural Language and Linguistic Theory},
  year    = {1995},
  volume  = {13},
  number  = {2},
  pages   = {181--254},
}

@PhdThesis{Crysmann2002,
  author  = {Berthold Crysmann},
  title   = {Constraint-based Coanalysis: {Portuguese} cliticisation and morphology-syntax interaction in {HPSG}},
  school  = {University of Saarland},
  year    = {2002},
  address = {{Saarbr\"ucken}},
}

@PhdThesis{Flickinger1987,
  author  = {Flickinger, Daniel},
  title   = {Lexical rules in the hierarchical lexicon},
  school  = {Stanford University},
  year    = {1987},
  address = {Stanford},
}

@Article{Dowty1978,
  author  = {David Dowty},
  title   = {Transformations as Lexical Rules in a Montague Grammar},
  journal = {Linguistic Inquiry},
  year    = {1978},
  volume  = {9},
  pages   = {393--426},
}

@PhdThesis{King1989,
  author  = {King, Paul},
  title   = {A Logical Formalism for Head-Driven Phrase Structure Grammar},
  school  = {University of Manchester},
  year    = {1989},
  address = {Manchester},
}

@PhdThesis{Richter2000,
  author  = {Frank Richter},
  title   = {A Mathematical Formalism for Linguistic Theories with an Application in {Head-driven} {Phrase} {Structure} {Grammar}},
  school  = {University of {T\"ubingen}},
  year    = {2000},
  address = {{T\"ubingen}},
}

@Article{Mueller2006,
  author  = {Stefan M{\"u}ller},
  title   = {Phrasal or Lexical Constructions?},
  journal = {Language},
  year    = {2006},
  volume  = {82},
  number  = {4},
  pages   = {850--883},
}

@Book{Copestake2002,
  title     = {Implementing typed feature structures},
  publisher = {CSLI Publications},
  year      = {2002},
  author    = {Ann Copestake},
  number    = {110},
  series    = {{CSLI} Lecture Notes},
  address   = {Stanford},
}

@Book{DiSciulloandWilliams1987,
  title     = {On the Definition of Word},
  publisher = {MIT Press},
  year      = {1987},
  author    = {Di Sciullo, Anna-Maria and Williams, Edwin},
  number    = {14},
  series    = {Linguistic Inquiry Monographs},
  address   = {Cambridge, MA},
}

@PhdThesis{Baldridge2002,
  author  = {Jason Baldridge},
  title   = {Lexically Specified Derivational Control in {Combinatory} {Categorial} {Grammar}},
  school  = {University of Edinburgh},
  year    = {2002},
  address = {Edinburgh},
}

@Article{Bruening2018,
  author  = {Benjamin Bruening},
  title   = {The lexicalist hypothesis: Both wrong and superfluous},
  journal = {Language},
  year    = {2018},
  volume  = {94},
  number  = {1},
  pages   = {1--42},
}

@InCollection{vanTrijp2011,
  author    = {van Trijp, Remi},
  title     = {A design pattern for argument structure constructions},
  booktitle = {Design patterns in {Fluid} {Construction} {Grammar}},
  publisher = {John Benjamins Publishing},
  year      = {2011},
  editor    = {Luc Steels},
  number    = {11},
  series    = {Constructional Approaches to Language},
  pages     = {115--145},
  address   = {Amsterdam},
}

@PhdThesis{Roberts2000,
  author  = {Roberts, Taylor},
  title   = {Clitics and agreement},
  school  = {MIT},
  year    = {2000},
  address = {Cambridge, MA},
}

@InCollection{Dost2007,
  author    = {Ascander Dost},
  title     = {A Domain-Based Approach to Second Position Clitics in {P}ashto},
  booktitle = {Texas {L}inguistic {S}ociety {IX}: The Morphosyntax of Underrepresented Languages},
  publisher = {CSLI Publications},
  year      = {2007},
  editor    = {Frederick Hoyt and Nikki Seifert and Alexandra Teodorescu and Jessica White},
  pages     = {89--110},
  address   = {Stanford, CA},
}

@Book{Jackendoff1990,
  title     = {Semantic Structures},
  publisher = {MIT Press},
  year      = {1990},
  author    = {Jackendoff, Ray},
  number    = {18},
  series    = {Current Studies in Linguistics},
  address   = {Cambridge, MA},
}

@InCollection{Carpenter1992b,
  author    = {Bob Carpenter},
  title     = {Categorial {Grammars}, Lexical Rules, and the {E}nglish Predicative},
  booktitle = {Formal Grammar: Theory and Implementation},
  publisher = {Oxford University Press},
  year      = {1992},
  editor    = {Bob Levine},
  number    = {2},
  series    = {New Directions in Cognitive Science},
  pages     = {168--242},
  address   = {New York, NY},
}

@InCollection{EmersonandCopestake2015,
  author    = {Guy Emerson and Ann Copestake},
  title     = {Lacking Integrity: {HPSG} as a Morphosyntactic Theory},
  booktitle = {Proceedings of the 22n International Conference on Head-Driven Phrase Structure Grammar},
  publisher = {CSLI},
  year      = {2015},
  editor    = {Stefan {M\"uller}},
  pages     = {75--95},
  address   = {Stanford},
}

@Article{BrachmanandSchmolze1985,
  author  = {Brachman, Ronald and Schmolze, James},
  title   = {An Overview of the {KL-ONE} Knowledge Representation System},
  journal = {Cognitive Science},
  year    = {1985},
  volume  = {9},
  number  = {2},
  pages   = {171--216},
  series  = {2},
}

@Article{Chaves2008,
  author  = {Rui Chaves},
  title   = {Linearization-Based Word-Part Ellipsis},
  journal = {Linguistics and Philosophy},
  year    = {2008},
  volume  = {31},
  number  = {3},
  pages   = {261--307},
}

@Book{Lakoff1970,
  title     = {Irregularity in Syntax},
  publisher = {Holt, Rinehart, and Winston},
  year      = {1970},
  author    = {Lakoff, George},
  series    = {Transatlantic series in linguistics},
  address   = {New York},
}

@Article{Boumaetal2001,
  author  = {Gosse Bouma and Robert Malouf and Ivan Sag},
  title   = {Satisfying constraints on extraction and adjunction},
  journal = {Natural Language and Linguistic Theory},
  year    = {2001},
  volume  = {19},
  number  = {1},
  pages   = {1--65},
}

@InCollection{Borer2003,
  author    = {Hagit Borer},
  title     = {Exo-Skeletal vs. Endo-Skeletal Explanations: Syntactic Projections and the Lexicon},
  booktitle = {The Nature of Explanation in Linguistic Theory},
  publisher = {CSLI Publications},
  year      = {2003},
  editor    = {John Moore and Maria Polinsky},
  number    = {162},
  series    = {{CSLI} Lecture Notes},
  pages     = {31--67},
  address   = {Stanford},
}

@Article{Haspelmath2011,
  author  = {Martin Haspelmath},
  title   = {The indeterminacy of word segmentation and the nature of morphology and syntax},
  journal = {Folia Linguistica},
  year    = {2011},
  volume  = {45},
  number  = {1},
  pages   = {31--80},
}

@Article{Riehemann1998,
  author  = {Susanne Z. Riehemann},
  title   = {Type-Based Derivational Morphology},
  journal = {The Journal of Comparative Germanic Linguistics},
  year    = {1998},
  volume  = {2},
  number  = {1},
  pages   = {49--77},
}

@InProceedings{KoenigandDavis2003,
  author    = {Jean-Pierre Koenig and Anthony Davis},
  title     = {Semantically Transparent Linking in {HPSG}},
  booktitle = {Proceedings of the 10th Internal Conference on {Head}-driven {Phrase}-{Structure} {Grammar}},
  year      = {2003},
  editor    = {Stefan M{\"u}ller},
  pages     = {222--235},
  address   = {Stanford, CA},
  publisher = {CSLI Publications},
}

@InProceedings{KoenigandJurafsky1994,
  author    = {Koenig, Jean-Pierre and Jurafsky, Daniel},
  title     = {Type Underspecification and On-line Type Construction in the Lexicon},
  booktitle = {Proceedings of {WCCFL} {XIII}},
  year      = {1994},
  pages     = {270--285},
  address   = {Stanford},
  publisher = {CSLI Publications},
}

@InCollection{Marantz1997,
  author    = {Alec Marantz},
  title     = {No escape from Syntax: Don't try morphological analysis in the privacy of your own lexicon},
  booktitle = {University of Pennsylvania Working Papers in Linguistics},
  publisher = {University of Pennsylvania Linguistics Department},
  year      = {1997},
  editor    = {A. Dimitriadis and L. Siegel and C. Surek-Clark and A. Williams},
  volume    = {4},
  number    = {2},
  pages     = {201--225},
  address   = {Philadelphia},
  owner     = {jpkoenig},
  timestamp = {2016.01.10},
}

@Book{Anderson2005,
  title     = {Aspects of the Theory of Clitics},
  publisher = {Oxford University Press},
  year      = {2005},
  author    = {Stephen Anderson},
  number    = {11},
  series    = {Oxford Studies in Theoretical Linguistics},
  address   = {Oxford},
}

@Book{Malouf2000b,
  title     = {Mixed Categories in the Hierarchical Lexicon},
  publisher = {CSLI Publications},
  year      = {2000},
  author    = {Robert Malouf},
  series    = {Studies in Constraint-Based Lexicalism},
  address   = {Stanford, CA},
}

@Book{Tomasello2003,
  title     = {Constructing a language: A usage-based theory of language acquisition},
  publisher = {Harvard University Press},
  year      = {2003},
  author    = {Michael Tomasello},
  address   = {Cambridge, MA},
}

@Book{Embick2015,
  title     = {The Morpheme: A Theoretical Introduction},
  publisher = {de Gruyter Mouton},
  year      = {2015},
  author    = {David Embick},
  address   = {Berlin},
}

@InCollection{BonamiandCrysmann2016,
  author    = {Olivier Bonami and Berthold Crysmann},
  title     = {Morphology in Constraint-based Lexicalist Approaches to Grammar},
  booktitle = {The {Cambridge} Handbook of Morphology},
  publisher = {Cambridge University Press},
  year      = {2016},
  editor    = {Andrew Hippisley and Gregory Stump},
  series    = {Cambridge Handbooks in Language and Linguistics},
  pages     = {609--656},
  address   = {Cambrdgei},
}

@InCollection{Reape1994,
  author    = {Reape, Mike},
  title     = {Domain Union and Word Order Variation in German},
  booktitle = {German in {Head} Driven {Phrase} {Structure} {Grammar}},
  publisher = {CSLI Publications},
  year      = {1994},
  editor    = {John Nerbonne and Klaus Netter and Carl Pollard},
  number    = {46},
  series    = {CSLI Lecture Notes},
  pages     = {151--197},
  address   = {Stanford University},
}

@InCollection{Przepiorkowski2001,
  author    = {Adam {Przepi\'orkowski}},
  title     = {{ARG-ST} on phrases: Evidence from {Polish}},
  booktitle = {Proceedings of the 7th International Conference on Head-Driven Phrase Structure Grammar},
  publisher = {CSLI Publications},
  year      = {2001},
  editor    = {Dan Flickinger and Andreas Kathol},
  pages     = {267--284},
}

@Book{Bochner1993,
  title     = {Simplicity in {Generative} {Morphology}},
  publisher = {Mouton de Gruyter},
  year      = {1993},
  author    = {Bochner, Harry},
  number    = {37},
  series    = {Publications in Language Sciences},
  address   = {Berlin},
}

@Book{Koenig1999c,
  title     = {Lexical Relations},
  publisher = {CSLI Publications},
  year      = {1999},
  author    = {Jean-Pierre Koenig},
  series    = {Stanford Monographs in Linguistics},
  address   = {Stanford},
}

@Book{AckermanandWebelhuth1998,
  title     = {A Theory of Predicates},
  publisher = {CSLI Publications},
  year      = {1998},
  author    = {Farrell Ackerman and Gert Webelhuth},
  number    = {76},
  series    = {{CSLI} Lecture Notes},
  address   = {Stanford, CA},
}

@Article{McCawley1982,
  author  = {McCawley, James D.},
  title   = {Parentheticals and Discontinuous Constituent Structure},
  journal = {Linguistic Inquiry},
  year    = {1982},
  volume  = {13},
  number  = {1},
  pages   = {91--106},
}

@InProceedings{Flickingeretal1985,
  author    = {Dan Flickinger and Carl Pollard and Thomas Wasow},
  title     = {Structure-Sharing in Lexical Representation},
  booktitle = {Proceedings of the 23rd Annual Meeting of the {Association} for {Computational} {Linguistics}},
  year      = {1985},
  pages     = {262--267},
  address   = {Chicago},
}

@Book{PollardandSag1994,
  title     = {Head-driven {Phrase}-{Structure} {Grammar}},
  publisher = {Chicago University Press},
  year      = {1994},
  author    = {Pollard, Carl and Sag, Ivan},
  series    = {Studies in Contemporary Linguistics},
  address   = {Chicago, IL},
  comment   = {4 might be the number in the series},
}

@Article{CopestakeandBriscoe1995,
  author  = {Ann Copestake and Ted Briscoe},
  title   = {Semi-productive polysemy and sense extension},
  journal = {Journal of Semantics},
  year    = {1995},
  volume  = {12},
  number  = {1},
  pages   = {15--67},
  issue   = {1},
}

@Article{CrysmannandBonami2016,
  author  = {Berthold Crysmann and Olivier Bonami},
  title   = {Variable morphotactics and {Information}-based {Morphology}},
  journal = {Journal of Linguistics},
  year    = {2016},
  volume  = {52},
  number  = {2},
  pages   = {311--374},
}

@Book{Kathol1999,
  title     = {Linearization-based Syntax},
  publisher = {Oxford University Press},
  year      = {1999},
  author    = {Andreas Kathol},
  series    = {Oxford Linguistics},
  address   = {Oxford},
}

@Article{PollardandSag1992,
  author  = {Pollard, Carl and Sag, Ivan},
  title   = {Anaphors in {E}nglish and the Scope of {Binding} {Theory}},
  journal = {Linguistic Inquiry},
  year    = {1992},
  volume  = {23},
  number  = {2},
  pages   = {261--303},
}

@InProceedings{CopestakeandBriscoe1991,
  author    = {Ann Copestake and Ted Briscoe},
  title     = {Lexical Operations in a Unification-based Framework},
  booktitle = {Lexical Semantics and Knowledge Representation},
  year      = {1991},
  editor    = {James Pustejovsky and Sabine Bergler},
  series    = {Lecture Notes in Computer Science},
  pages     = {101--119},
  address   = {Berlin},
  publisher = {Springer Verlag},
}

@Book{Anderson1992,
  title     = {A-Morphous Morphology},
  publisher = {Cambridge University Press},
  year      = {1992},
  author    = {Anderson, Stephen},
  number    = {62},
  series    = {Cambridge Studies in Linguistics},
  address   = {Cambridge},
}

@Comment{jabref-meta: databaseType:bibtex;}
