@inproceedings{ArnoldBorsley2014,
	author = {Arnold, Douglas and Borsley, Robert},
	year = {2014},
	title = {On the analysis of {English} exhaustive conditionals},
	booktitle = {Proceedings of the {HPSG}14 conference, {Stanford}},
	editor = {M{\"u}ller, Stefan},
	pages = {27--47},
	address = {Standford, CA},
	publisher = {CSLI Publications}
}

@inproceedings{Bender2008,
	author = {Bender, Emily},
	year = {2008},
	title = {Radical non-configurationality without shuffle operators: {An} analysis of {Wambaya}},
	booktitle = {Proceedings of the 15th International Conference on {Head-Driven Phrase Structure Grammar}},
	editor = {M{\"u}ller, Stefan},
	pages = {6--24},
	address = {Standford, CA},
	publisher = {CSLI Publications}
}

@book{Billroth1832,
	author = {Billroth, Johann},
	year = {1832},
	title = {Lateinische {Syntax}: {Für} die obern {Klassen} {Gelehrter Schulen}},
	address = {Leipzig},
	publisher = {Weidmann}
}

@book{Blake90,
	author = {Blake, Barry},
	year = {1990},
	title = {Relational grammar},
	address = {London},
	publisher = {Croom Helm}
}

@incollection{BlevinsSag2013,
	author = {Blevins, James and Sag, Ivan},
	year = {2013},
	title = {Phrase {Structure Grammar}},
	booktitle = {The {Cambridge} handbook of generative syntax},
	editor = {Dikken, Marcel den},
	pages = {202--225},
	address = {Cambridge},
	publisher = {Cambridge University Press}
}

@article{BoumaMaloufSag01,
	author = {Bouma, Gosse and Malouf, Robert and Sag, Ivan},
	year = {2001},
	title = {Satisfying constraints on extraction and adjunction},
	journal = {Natural Language and Linguistic Theory},
	volume = {19},
	number = {1},
	pages = {1--65}
}

@book{BriscoeEtal93,
	editor = {Briscoe, Ted and Copestake, Ann and de Paiva, Valeria},
	year = {1993},
	title = {Inheritance, Defaults, and the Lexicon},
	series = {Studies in Natural Language Processing},
	address = {Cambridge},
	publisher = {Cambridge University Press}
}

@inproceedings{Chaves2006,
	author = {Chaves, Rui},
	year = {2006},
	title = {Coordination of Unlikes without Unlike Categories},
	editor = {M{\"u}ller, Stefan},
	booktitle = {Proceedings of the 13th International Conference on {Head-Driven Phrase Structure Grammar}},
	institution = {Varna, Bulgaria},
	pages = {102--122},
	address = {Stanford, CA},
	publisher = {CSLI Publications}
}

@inproceedings{ChenManning2014,
	author = {Chen, Danqi and Manning, Christopher},
	year = {2014},
	title = {A fast and accurate dependency parser using neural networks},
	booktitle = {Proceedings of {EMNLP} ({Empirical Methods on Natural Language Processing}) 2014},
	editor = {Moschitti, Alessandro and Pang, Bo and Daelemans, Walter},
	pages = {740--750},
	publisher = {The Association for Computational Linguistic},
	address = {Stroudsburg, PA}
}

@book{Chomsky57-removed,
	author = {Chomsky, Noam},
	year = {1957},
	title = {Syntactic structures},
	address = {The Hague},
	publisher = {Mouton}
}

@incollection{Chomsky70-removed,
	author = {Chomksy, Noam},
	year = {1970},
	title = {Remarks on Nominalizations},
	booktitle = {Readings in Transformational Grammar},
	editor = {Jacobs, Roderick and Rosenbaum, Peter},
	pages = {184--221},
	address = {Waltham, MA},
	publisher = {Ginn}
}

@article{CulicoverJackendoff99,
	author = {Culicover, Peter W. and Jackendoff, Ray},
	year = {1999},
	title = {The View from the Periphery: {The} {English} Comparative Correlative},
	journal = {Linguistic Inquiry},
	volume = {30},
	number = {4},
	pages = {543--588}
}

@article{Dahl80,
	author = {Dahl, {\"O}sten},
	year = {1980},
	title = {Some arguments for Higher Nodes in Syntax: {A} reply to Hudson's `constituency and dependency'},
	journal = {Linguistics},
	volume = {18},
	number = {5--6},
	pages = {485--488}
}

@book{Dik89,
	author = {Dik, Simon},
	year = {1989},
	title = {The theory of Functional Grammar: {The} structure of the clause},
	address = {Dordrecht},
	publisher = {Foris}
}

@phdthesis{Eppler04,
	type = {dissertation},
	author = {Eppler, Eva},
	year = {2004},
	title = {The Syntax of {German-English} Code-Switching},
	school = {University College London}
}

@phdthesis{Gisborne96,
	type = {dissertation},
	author = {Gisborne, Nikolas Simon},
	year = {1996},
	title = {English Perception Verbs},
	school = {University Colleged London}
}

@article{Halliday61,
	author = {Halliday, Michael},
	year = {1961},
	title = {Categories of the Theory of Grammar},
	journal = {Word},
	pages = {241--282}
}

@article{Halliday67,
	author = {Halliday, Michael},
	year = {1967},
	title = {Notes on Transitivity and Theme in {English}. Part 2},
	journal = {Journal of Linguistics},
	volume = {3},
	pages = {199--244}
}

@article{Hudson82,
	author = {Hudson, Richard},
	year = {1982},
	title = {Incomplete Conjuncts},
	journal = {Linguistic Inquiry},
	volume = {13},
	pages = {547--550}
}
	
@book{Hudson84-duplicate-remove-a,
	author = {Hudson, Richard},
	year = {1984},
	title = {Word grammar},
	address = {Oxford},
	publisher = {Blackwell}	
}

@book{Hudson90-removed,
	author = {Hudson, Richard},
	year = {1990},
	title = {English word grammar},
	address = {Oxford},
	publisher = {Blackwell}	
}

@book{Hudson2007,
	author = {Hudson, Richard},
	year = {2007},
	title = {Language Networks: {The} new word grammar},
	address = {Oxford},
	publisher = {Oxford University Press}
}

@book{Hudson2010,
	author = {Hudson, Richard},
	year = {2010},
	title = {An introduction to word grammar},
	address = {Cambridge},
	publisher = {Cambridge University Press}
}

@arrticle{Hudson2017,
	author = {Hudson, Richard},
	year = {2017},
	title = {Pied piping in cognition},
	journal = {Journal of Linguistics },
	volume = {54},
	number = {1},
	pages = {85--138}
}

@incollection{Imrenyi2013,
	author = {Imrényi, András},
	year = {2013},
	title = {Constituency or Dependency? {Notes} on {Sámuel Brassai’s} Syntactic Model of {Hungarian}},
	booktitle = {VLlxx. Papers presented to {László Varga} on his 70th birthday},
	editor = {Szigetvári, Péter},
	pages = {167--182},
	address = {Budapest},
	publisher = {Tinta}
}

@incollection{ImrenyiVladarTBA,
	author = {Imrényi, András and Vladár, Zsuzsa},
	year = {forthcomming},
	title = {{Sámuel Brassai} in the History of Dependency Grammar},
	editor = {Imrényi, András and Mazziotta, Nicolas]},
	address = {Amsterdam},
	publisher = {John Benjamins},
	booktitle = {The Origins of Dependency Syntax. {A} Historical Survey from {Panini} to {Tesnière}}
}

@article{Jackendoff08,
	author = {Jackendoff, Ray},
	year = {2008},
	title = {Construction after construction and its theoretical challenges},
	journal = {Language},
	volume = {84},
	number = {1},
	pages = {8--28}
}

@book{Jespersen37,
	author = {Jespersen, Otto},
	year = {1937},
	title = {Analytic syntax},
	address = {Chicago},
	publisher = {University of Chicago Press}
}

@incollection{KahaneTBA,
	author = {Kahane, Sylvain},
	year = {forthcomming},
	title = {How dependency syntax appeared in the {French Encyclopedia}: {From} {Buffier} (1907) to {Beauzée} (1765)},
	editor = {Imrényi, András and Mazziotta, Nicolas},
	address = {Amsterdam},
	publisher = {John Benjamins},
	booktitle = {The Origins of Dependency Syntax. {A} Historical Survey from {Panini} to {Tesnière}} 
}

@book{Kern1884,
	author = {Kern, Franz},
	year = {1884},
	title = {Grundriss der {Deutschen} {Satzlehre}},
	address = {Berlin},
	publisher = {Nicolaische Verlags-Buchhandlung}
}

@article{Kouloughli99,
	author = {Kouloughli, Djamel-Eddine},
	year = {1999},
	title = {Y A-t-Il Une Syntaxe Dans La Tradition {Arabe}},
	journal = {Histoire Épistémologie Langage},
	volume = {21},
	pages = {45--64}
}

@article{KueblerEtal2009,
	author = {K{\"u}bler, Sandra and McDonald, Ryan and Nivre, Joakim},
	year = {2009},
	title = {Dependency Parsing},
	journal = {Synthesis Lectures on Human Language Technologies},
	volume = {2},
	pages = {1--127}
}

@book{Law2003,
	author = {Law, Vivien},
	year = {2003},
	title = {The History of {Linguistics} in {Europe}: {From} {Plato} to 1600},
	address = {Cambridge},
	publisher = {Cambridge University Press}
}

@incollection{Luthala94,
	author = {Luthala, Anneli},
	year = {1994},
	title = {Grammar, Early Mediaeval},
	booktitle = {Encyclopedia of Language and Linguistics},
	editor = {Asher, Ronald},
	pages = {1460--1468},
	address = {Oxford},
	publisher = {Pergamon}
}

@inproceedings{MarneffeEtal2014,
	author = {Marneffe, Marie-Catherine de and Dozat, Timothy and Silveira, Natalia and Haverinen, Katri and Ginter, Filip and Nivre, Joakim and Manning, Christopher},
	year = {2014},
	title = {Universal {Stanford} Dependencies: {A} Cross-Linguistic Typology},
	booktitle = {{Proceedings of the 9th International Conference on Language Resources and Evaluation (LREC)}},
	pages = {4585--4592},
	editor = {Nicoletta Calzolari (Conference Chair) and Khalid Choukri and Thierry Declerck and Hrafn Loftsson and Bente Maegaard and Joseph Mariani and Asuncion Moreno and Jan Odijk and Stelios Piperidis},
	publisher = {European Language Resources Association (ELRA)},
	address = {Reykjavik, Iceland}
}

@book{Matthews93,
	author = {Matthews, Peter},
	year = {1993},
	title = {Grammatical Theory in the {United States} from {Bloomfield} to {Chomsky}},
	publisher = {Cambridge University Press},
	address = {Cambridge}
}

@book{Melcuk88,
	author = {Mel'cuk, Igor},
	year = {1988},
	title = {Dependency Syntax: {Theory} and Practice},
	address = {Albany, NY},
	publisher = {State University Press of New York}
}

@book{Muller2018,
	author = {M{\"u}ller, Stefan},
	year = {2018},
	title = {Grammatical Theory: {From} Transformational Grammar to Constraint-Based Approaches. {Second} Revised and Extended Edition},
	series = {Textbooks in Language Sciences 1},
	address = {Berlin},
	publisher = {Language Science Press}
}

@book{Owens88,
	author = {Owens, Jonathan},
	year = {1988},
	title = {The Foundations of Grammar: {An} Introduction to Mediaeval {Arabic} Grammatical Theory},
	publisher = {John Benjamins},
	address = {Amsterdam}
}

@incollection{Percival76,
	author = {Percival, Keith},
	year = {1976},
	title = {On the Historical Source of Immediate Constituent Analysis},
	booktitle = {Notes from the Linguistic Underground},
	editor = {McCawley, James},
	pages = {229--242},
	address = {London},
	publisher = {Academic Press}
}

@incollection{PerlmutterPostal83,
	author = {Perlmutter, David and Postal, Paul},
	year = {1983},
	title = {Some Proposed Laws of Basic Clause Structure},
	booktitle = {Studies in Relational Grammar 1},
	editor = {Perlmutter, David},
	pages = {81--128},
	address = {Chicago},
	publisher = {University of Chicago Press}
}

@book{Pike54,
	author = {Pike, Kenneth},
	year = {1954},
	title = {Language in Relation to a Unified Theory of the Structure of Human Behavior},
	address = {Glendale, CA},
	publisher = {Summer Institute of Linguistics}
}


@book{ReedKellog1877,
	author = {Reed, Alonzo and Kellogg, Brainerd},
	year = {1877},
	title = {Higher Lessons in {English}. {A} Work on {English} Grammar and Composition, in Which the Science of the Language Is Made Tributary to the Art of Expression. {A} Course of Practical Lessons Carefully Graded, and Adapted to Every Day Use in the School-Room.},
	notes = {(1890 {Edition})},
	address = {New York},
	publisher = {Clark and Maynard}
}

@book{Reisberg2007,
	author = {Reisberg, Daniel},
	year = {2007},
	title = {Cognition. {Exploring} the Science of the Mind},
	notes = {Third Media Edition},
	address = {New York City, NY},
	publisher = {Norton}
}

@book{Robins67,
	author = {Robins, Robert},
	year = {1967},
	title = {A short history of linguistics},
	address = {London},
	publisher = {Longman}
}

@article{Rosch73,
	author = {Rosch, Eleanor},
	year = {1973},
	title = {Natural Categories},
	journal = {Cognitive Psychology},
	volume = {4},
	issues = {3},
	pages = {328--350}
}

@article{Sag97-removed,
	author = {Sag, Ivan},
	year = {1997},
	title = {English Relative Clause Constructions},
	journal = {Journal of Linguistics},
	volume = {33},
	number = {2},
	pages = {431--383}
}

@article{Seriot2004,
	author = {Sériot, Patrick},
	year = {2004},
	title = {L'affaire du petit drame: {Filiation} franco-russe ou communauté de pensée? ({Tesnière} et {Dmitrievskij})},
	journal = {Slavica Occitania},
	volume = {17},
	pages = {93--118}
}

@book{SgallEtal86,
	author = {Sgall, Petr and Hajicová, Eva and Panevova, Jarmila},
	year = {1986},
	title = {The Meaning of the Sentence in Its Semantic and Pragmatic Aspects},
	address = {Prague},
	publisher = {Academia}
}

@book{Siewierska91,
	author = {Siewierska, Anna},
	year = {1991},
	title = {Functional Grammar},
	address = {London},
	publisher = {Routledge}
}

@book{Sweet1891,
	author = {Sweet, Henry},
	year = {1891},
	title = {A New English Grammar Logical and Historical. 2 Vol},
	address = {Oxford},
	publisher = {Clarendon Press}
}

@article{Tallerman09,
	author = {Tallerman, Maggie},
	year = {2009},
	title = {Phrase Structure vs. Dependency: {The} Analysis of {Welsh} Syntactic Soft Mutation},
	journal = {Journal of Linguistics},
	volume = {45},
	number = {1},
	pages = {167--201}
}

@book{Taylor95,
	author = {Taylor, John},
	year = {1995},
	title = {Linguistic categorization: {Prototypes} in linguistic theory},
	edition = {2nd},
	address = {Oxford},
	publisher = {Clarendon}
}

@book{Tesniere59,
	author = {Tesnière, Lucien},
	year = {1959},
	title = {Éléments de Syntaxe Structurale},
	address = {Paris},
	publisher = {Klincksieck}
}

@book{Tesniere2015,
	author = {Tesnière, Lucien},
	year = {2015},
	title = {Elements of Structural Syntax. {Translated} by {Timothy Osborne} and {Sylvain Kahane}},
	address = {Amsterdam},
	publisher = {John Benjamins}
}

@article{Zwicky85,
	author = {Zwicky, Arnold},
	year = {1985},
	title = {The Case against Plain Vanilla Syntax},
	journal = {Studies in the Linguistic Sciences},
	volume = {15},
	number = {2},
	pages = {205--225}
}