@book{BuKi2001,
	Address = {Stanford, CA},
	Date-Added = {2011-05-16 19:01:58 +0200},
	Date-Modified = {2018-12-14 15:51:25 +0100},
	Editor = {Miriam Butt and Tracy Holloway King},
	Publisher = {CSLI Publications},
	Series = {Studies in Constraint-Based Lexicalism},
	Title = {{Time over Matter: Diachronic Perspectives on Morphosyntax}},
	Year = {2001}}

@incollection{demske2019,
	Address = {Amsterdam},
	Author = {Ulrike Demske},
	Booktitle = {{Walking on the Grammaticalization Path of the Definite Article in German: Functional Main and Side Roads}},
	Date-Added = {2018-12-02 17:47:37 +0100},
	Date-Modified = {2018-12-02 17:51:15 +0100},
	Editor = {Johanna Flick and Renata Szczepaniak},
	Publisher = {Benjamins},
	Title = {{The Grammaticalization of the Definite Article in German: From Demonstratives to Weak Definites}},
	Year = {2019}}

@book{SaWaBe2003,
	Address = {Stanford, CA},
	Author = {Ivan A. Sag and Thomas Wasow and Emily M. Bender},
	Date-Added = {2018-11-30 20:07:28 +0100},
	Date-Modified = {2018-11-30 20:10:01 +0100},
	Edition = {2 edition},
	Publisher = {CSLI Publications},
	Title = {{Syntactic Theory: A Formal Introduction}},
	Year = {2003}}

@book{kiss1995,
	Address = {Opladen},
	Author = {Tibor Kiss},
	Date-Added = {2007-02-09 15:37:07 +0100},
	Date-Modified = {2014-11-24 11:00:29 +0000},
	Publisher = {Westdeutscher Verlag},
	Title = {{Merkmale und Repräsentationen. Eine Einführung in die deklarative Grammatikanalyse}},
	Year = {1995}}


@incollection{demske2005,
	Address = {G{\"o}teborg},
	Author = {Ulrike Demske},
	Booktitle = {{Deutsche Syntax. Empirie und Theorie. Symposium in G{\"o}teborg 13.-15. Mai 2004}},
	Date-Added = {2010-04-11 22:11:28 +0200},
	Date-Modified = {2014-09-13 16:54:37 +0000},
	Editor = {Franz-Josef d\grq{}Avis},
	Pages = {53--80},
	Publisher = {Acta Universitatis Gothoburgensis},
	Series = {G{\"o}teborger Germanistische Forschungen 46},
	Title = {{Weshalb Demonstrativpronomina nicht immer Determinantien sind}},
	Year = {2005}}
	
@incollection{BoNo1996,
	Author = {Gosse Bouma and Gertjan van Noord},
	Booktitle = {{Complex Predicates in Nonderivational Syntax}},
	Date-Added = {2018-11-26 15:57:20 +0100},
	Date-Modified = {2018-11-26 16:01:18 +0100},
	Editor = {Erhard Hinrichs and Andreas Kathol and Tsuneko Nakazawa},
	Pages = {43--72},
	Publisher = {Academic Press},
	Series = {Syntax and Semantics 30},
	Title = {{Word order constraints on verb clusters in German and Dutch}},
	Year = {1996}}

@book{bech55,
	Address = {Copenhagen},
	Author = {Gunnar Bech},
	Date-Added = {2007-02-09 15:37:07 +0100},
	Date-Modified = {2014-11-24 11:00:29 +0000},
	Publisher = {Munksgaard},
	Title = {Studien {\"u}ber das deutsche verbum infinitum},
	Year = {1955}}

@incollection{pollard1994,
	Address = {Stanford, CA},
	Author = {Carl J. Pollard},
	Booktitle = {{German in Head-Driven Phrase Structure Grammar}},
	Date-Added = {2017-04-27 14:26:45 +0000},
	Date-Modified = {2018-11-23 10:05:07 +0100},
	Editor = {John Nerbonne and Klaus Netter and Carl Pollard},
	Keywords = {passive, hpsg, German},
	Pages = {273--296},
	Publisher = {CSLI Publications},
	Series = {CSLI Lecture Notes 46},
	Title = {{Toward a Unified Account of Passive in German}},
	Year = {1994}}

@article{dubenion2010,
	Author = {Shannon A. Dubenion-Smith},
	Date-Added = {2018-11-23 10:05:35 +0100},
	Date-Modified = {2018-11-23 10:07:51 +0100},
	Journal = {Journal of Germanic Linguistics},
	Keywords = {verb cluster, German, dialect syntax},
	Number = {2},
	Pages = {99--191},
	Title = {{Verbal Complex Phenomena in West Central German: Empirical Domain and Multi-Causal Account}},
	Volume = {22},
	Year = {2010}}

@phdthesis{augustinus2015,
	Address = {Utrecht},
	Author = {Liesbeth Augustinus},
	Date-Added = {2018-11-19 12:52:41 +0100},
	Date-Modified = {2018-11-19 12:55:26 +0100},
	Keywords = {verb cluster, hpsg},
	School = {LOT},
	Title = {{Complement Raising and Cluster Formation in Dutch: a Treebank-Supported Investigation}},
	Year = {2015}}

@incollection{kathol1994,
	Address = {Stanford, CA},
	Author = {Andreas Kathol},
	Booktitle = {{German in Head-Driven Phrase Structure Grammar}},
	Date-Added = {2018-11-12 16:46:37 +0100},
	Date-Modified = {2018-11-12 16:49:09 +0100},
	Editor = {John Nerbonne and Klaus Netter and Carl Pollard},
	Pages = {237--272},
	Publisher = {CSLI Publications},
	Series = {CSLI Lecture Notes 46},
	Title = {{Passives without lexical rules}},
	Year = {1994}}

@book{mueller2018-removed-duplicate,
	Address = {Berlin},
	Author = {Stefan M{\"u}ller},
	Date-Added = {2018-10-31 09:00:09 +0100},
	Date-Modified = {2018-10-31 09:02:50 +0100},
	Publisher = {Language Science Press},
	Series = {{Textbook in Languages Sciences 1}},
	Title = {{Grammatical theory: from transformational grammar to constraint-based approaches}},
	Year = {2018}}

@book{mueller2008,
	Address = {T{\"u}bingen},
	Author = {Stefan M{\"u}ller},
	Date-Added = {2009-03-10 12:07:22 +0100},
	Date-Modified = {2018-10-31 08:57:56 +0100},
	Edition = {2},
	Publisher = {Stauffenburg},
	Series = {Stauffenburg Einf{\"u}hrungen 17},
	Title = {Head-Driven Phrase Structure Grammar},
	Year = {2008}}

@book{mueller2002,
	Address = {Stanford, CA},
	Author = {Stefan M{\"u}ller},
	Date-Added = {2018-10-22 18:16:12 +0200},
	Date-Modified = {2018-10-22 18:20:10 +0200},
	Publisher = {CSLI Publications},
	Series = {Studies in Constraint-Based Lexicalism 13},
	Title = {{Complex Predicates: Verbal Complexes, Resultative Constructions, and Particle Verbs in German}},
	Year = {2002}}
	
@article{KoNo2009,
	Author = {Valia Kordoni and Gertjan van Noord},
	Date-Added = {2018-10-30 15:51:08 +0100},
	Date-Modified = {2018-10-30 15:52:44 +0100},
	Journal = {Groninger Arbeiten zur Germanistischen Linguistik},
	Pages = {77--96},
	Title = {{Passives in the Germanic languages: the case of Dutch and German}},
	Volume = {49},
	Year = {2009}}
	
@article{haider1986,
	Author = {Hubert Haider},
	Date-Added = {2007-02-09 15:16:44 +0100},
	Date-Modified = {2018-10-23 12:12:04 +0200},
	Journal = {Linguistische Berichte},
	Pages = {3--33},
	Title = {{Fehlende Argumente: vom Passiv zu koh{\"a}renten Infinitiven}},
	Volume = {101},
	Year = 1986}
	
@book{kathol2000,
	Address = {Oxford},
	Author = {Kathol, Andreas},
	Date-Added = {2017-04-27 14:26:45 +0000},
	Date-Modified = {2018-10-22 17:43:37 +0200},
	Publisher = {Oxford University Press},
	Title = {{Linear Syntax}},
	Year = {2000}}

@article{AbGo2002,
	Author = {Anne Abeill{\'e} and Danièle Godard},
	Date-Added = {2018-10-16 16:02:59 +0200},
	Date-Modified = {2018-10-16 16:04:48 +0200},
	Journal = {Language},
	Number = {3},
	Pages = {404--452},
	Title = {{The syntactic structure of French auxiliaries}},
	Volume = {78},
	Year = {2002}}
	
@incollection{HiNa94,
	Address = {Stanford, CA},
	Author = {Erhard Hinrichs and Tsuneko Nakazawa},
	Booktitle = {German in {Head-Driven Phrase Structure Grammar}},
	Date-Added = {2017-04-27 14:26:45 +0000},
	Date-Modified = {2018-10-16 16:00:52 +0200},
	Editor = {John Nerbonne and Klaus Netter and Carl Pollard},
	Pages = {11--37},
	Publisher = {CSLI Publications},
	Series = {CSLI Lecture Notes 46},
	Title = {{Linearizing AUXs in German Verbal Complexes}},
	Year = {1994}}

@book{ebert78,
	Address = {Stuttgart},
	Author = {Robert Peter Ebert},
	Date-Added = {2007-03-11 12:27:20 +0100},
	Date-Modified = {2014-03-05 17:54:36 +0000},
	Keywords = {historical syntax},
	Publisher = {Metzler},
	Title = {{Historische Syntax des Deutschen}},
	Year = {1978}}

@article{reis1976,
	Author = {Marga Reis},
	Date-Added = {2018-10-09 15:18:40 +0200},
	Date-Modified = {2018-10-09 15:20:01 +0200},
	Journal = {{Beitr{\"a}ge zur Geschichte der deutschen Sprache und Literatur}},
	Pages = {64--82},
	Title = {{Zum grammatischen Status der Hilfsverben}},
	Volume = {98},
	Year = {1976}}

@incollection{lenz2012,
	Address = {Amsterdam },
	Author = {Alexandra Lenz},
	Booktitle = {{The dialect laboratory. Dialects as a testing ground for theories of language change}},
	Date-Added = {2018-10-09 11:58:00 +0200},
	Date-Modified = {2018-10-09 12:01:10 +0200},
	Editor = {Gunther de Vogelaer and Guido Seiler},
	Pages = {121--138 },
	Publisher = {Benjamins},
	Series = {SLCS 128},
	Title = {{On the genesis of the German recipient passive -- two competing hypotheses in the light of current dialect data}},
	Year = {2012}}

@incollection{glaser2005,
	Address = {T{\"u}bingen},
	Author = {Elvira Glaser},
	Booktitle = {{Krieg und Frieden. Auseinandersetzung und Vers{\"o}hnung in Diskursen}},
	Date-Added = {2008-10-23 22:42:06 +0200},
	Date-Modified = {2008-10-23 22:44:26 +0200},
	Editor = {Annelies H{\"a}cki Buhofer and Ulla Kleinberger G{\"u}nther and Elisabeth Piirainen},
	Keywords = {dialect},
	Pages = {43-64},
	Publisher = {Niemeyer},
	Title = {{'Krieg' und 'kriegen': zur Arealit{\"a}t der 'bekommen'-Periphrasen}},
	Year = {2005}}

@book{lehmann2015,
	Address = {Berlin},
	Author = {Christian Lehmann},
	Date-Added = {2018-10-08 16:59:44 +0200},
	Date-Modified = {2018-10-08 17:04:16 +0200},
	Edition = {3},
	Institution = {Universit{\"a}t Erfurt, Seminar f{\"u}r Sprachwissenschaft},
	Keywords = {grammaticalization},
	Publisher = {Language Science Press},
	Title = {Thoughts on Grammaticalization},
	Year = {2015}}
	
@article{lenz2007,
	Author = {Alexandra Lenz},
	Date-Added = {2008-10-23 21:23:15 +0200},
	Date-Modified = {2018-10-08 16:23:59 +0200},
	Journal = {Zeitschrift f{\"u}r germanistische Linguistik},
	Keywords = {passive, German, dialect},
	Pages = {52--82},
	Title = {{Zur Grammatikalisierung von 'geben' im Deutschen und L{\"e}tzebuergeschen}},
	Volume = {35},
	Year = {2007}}

@article{reis1985a,
	Author = {Marga Reis},
	Date-Added = {2018-10-08 10:48:07 +0200},
	Date-Modified = {2018-10-08 10:49:35 +0200},
	Journal = {{L}inguistische {B}erichte},
	Keywords = {passive, syntax, German},
	Pages = {140--155},
	Title = {{Mona Lisa kriegt zuviel -- Vom sogenannten 'Rezipientenpassiv' im Deutschen}},
	Volume = {96},
	Year = {1985}}

@article{petzell2016,
	Author = {Erik M. Petzell},
	Date-Added = {2018-10-05 16:26:04 +0200},
	Date-Modified = {2018-10-05 16:30:02 +0200},
	Journal = {Ampersand},
	Keywords = {language contact, German, Swedish},
	Pages = {143--150},
	Title = {{Low German with a Swedish twist -- Contact-induced word order transfer in the 15th century}},
	Volume = {3},
	Year = {2016}}
	
@phdthesis{louden1988,
	Author = {Mark Louden},
	Date-Added = {2007-02-09 15:18:51 +0100},
	Date-Modified = {2018-09-28 12:03:52 +0200},
	Keywords = {dialect, pennsylvania dutch},
	School = {Cornell University},
	Title = {{Bilingualism and Syntactic Change in Pennsylvania German}},
	Year = 1988}
	
@article{ClRo1993,
	Author = {Robin Clark and Ian Roberts},
	Date-Added = {2016-08-05 13:18:42 +0000},
	Date-Modified = {2018-09-27 15:21:24 +0200},
	Journal = {Linguistic Inquiry},
	Keywords = {syntactic change, syntactic processing},
	Number = {2},
	Pages = {299--345},
	Title = {A Computational Model of Language Learnability and Language Change},
	Volume = {24},
	Year = {1993},
	Bdsk-Url-1 = {http://www.jstor.org/stable/4178813}}
	
@article{chomsky2005,
	Author = {Noam Chomsky},
	Date-Added = {2018-09-27 11:31:44 +0200},
	Date-Modified = {2018-09-27 11:32:49 +0200},
	Journal = {Linguistic Inquiry},
	Keywords = {parameter, syntactic change},
	Number = {1},
	Pages = {1--22},
	Title = {Three factors in language design},
	Volume = {36},
	Year = {2005}}

@incollection{baker2008-removed,
	Author = {Mark C. Baker},
	Booktitle = {The Limits of Syntactic Variation},
	Date-Added = {2016-07-29 15:14:04 +0000},
	Date-Modified = {2016-07-29 15:15:47 +0000},
	Editor = {Theresa Biberauer},
	Keywords = {syntactic change},
	Pages = {351--373},
	Publisher = {Benjamins Publishing},
	Series = {Linguistics Today},
        number = 132,
	Title = {The Macroparameter in a Microparametric World},
	Year = {2008}}
	
@book{hawkins2004,
	Address = {Oxford},
	Author = {John A. Hawkins},
	Date-Added = {2016-08-04 17:27:06 +0000},
	Date-Modified = {2016-08-04 17:28:53 +0000},
	Keywords = {syntactic change, explanation, processing, tyoplogy},
	Publisher = {Oxford University Press},
	Title = {{Efficiency and Complexity in Grammars}},
	Year = {2004}}

@incollection{GrPo2005,
	Address = {Bochum},
	Author = {G{\"u}nther Grewendorf and Cecilia Poletto},
	Booktitle = {{Das Zimbrische zwischen Germanisch und Romanisch}},
	Date-Added = {2007-02-09 15:15:10 +0100},
	Date-Modified = {2018-09-26 12:09:46 +0200},
	Editor = {Ermenegildo Bidese and James R. Dow and Thomas Stolz},
	Pages = {114--128},
	Publisher = {Brockmeyer},
	Title = {{Von OV zu VO: ein Vergleich zwischen Zimbrisch und Plodarisch}},
	Year = 2005}
	
@incollection{allen2006,
	Address = {Oxford},
	Author = {Cynthia Allen},
	Booktitle = {{The Handbook of the History of English}},
	Date-Added = {2018-09-25 17:18:50 +0200},
	Date-Modified = {2018-09-25 17:23:47 +0200},
	Editor = {Ans van Kemenade and Bettelou Los},
	Keywords = {syntactic change, word order, English},
	Pages = {201--223},
	Publisher = {Blackwell Publishing},
	Title = {{Case syncretism and word order change}},
	Year = {2006}}
	
@incollection{schwarze2001,
	Address = {Stanford, CA},
	Author = {Christioph Schwarze},
	Booktitle = {{Time over Matter: Diachronic Perspectives on Morphosyntax}},
	Date-Added = {2018-09-25 16:01:32 +0200},
	Date-Modified = {2018-09-25 16:04:05 +0200},
	Editor = {Miriam Butt and Tracy Holloway King},
	Pages = {143--172},
	Publisher = {CSLI Publications},
	Title = {{Representation and variation: on the development of Romance auxiliary syntax}},
	Year = {2001}}

@book{RobRou2003,
	Address = {Cambridge},
	Author = {Ian Roberts and Anna Roussou},
	Date-Added = {2010-02-04 13:10:23 +0100},
	Date-Modified = {2017-07-04 13:53:53 +0000},
	Keywords = {historical syntax, grammaticalization},
	Publisher = {Cambridge University Press},
	Title = {Syntactic Change},
	Year = {2003}}

@book{hawkins2014-unused,
	Address = {Oxford},
	Author = {John A. Hawkins},
	Date-Added = {2014-04-14 06:05:18 +0000},
	Date-Modified = {2016-08-04 17:31:10 +0000},
	Keywords = {variation, syntactic change, typology},
	Publisher = {Oxford University Press},
	Title = {{Cross-Linguistic Variation and Efficiency}},
	Year = {2014}}

@book{lightfoot1979,
	Address = {Cambridge},
	Author = {David Lightfoot},
	Date-Added = {2017-06-27 13:03:21 +0000},
	Date-Modified = {2018-09-25 12:38:53 +0200},
	Keywords = {historical syntax},
	Publisher = {Cambridge University Press},
	Title = {{Principles of Diachronic Syntax}},
	Year = {1979}}
	
@article{allen1986,
	Author = {Cynthia Allen},
	Date-Added = {2018-09-25 12:39:33 +0200},
	Date-Modified = {2018-09-25 12:41:09 +0200},
	Journal = {Journal of Linguistics},
	Keywords = {historical syntax, English, argument structure},
	Pages = {375--409},
	Title = {Reconsidering the history of \textit{like}},
	Volume = {22},
	Year = {1986}}

@incollection{allen2001,
	Address = {Stanford, CA},
	Author = {Cynthia Allen},
	Booktitle = {{Time over Matter: Diachronic Perspectives on Morphosyntax}},
	Date-Added = {2018-09-24 17:12:00 +0200},
	Date-Modified = {2018-09-24 17:14:05 +0200},
	Editor = {Miriam Butt and Tracy Holloway King},
	Keywords = {syntactic change, English},
	Pages = {43--72},
	Publisher = {CSLI Publications},
	Title = {{The development of a new passive in English}},
	Year = {2001}}

@incollection{willis2017,
	Address = {Cambridge},
	Author = {David Willis},
	Booktitle = {{The Cambridge Handbook of Historical Syntax}},
	Date-Added = {2018-09-20 16:31:22 +0200},
	Date-Modified = {2018-09-20 16:38:06 +0200},
	Editor = {Adam Ledgeway and Ian Roberts},
	Keywords = {syntactic change, explanations},
	Pages = {491--514},
	Publisher = {Cambridge University Press},
	Title = {Endogenous and exogenous theories of syntactic change},
	Year = {2017}}

@incollection{BiWa2015,
	Address = {Oxford},
	Author = {Theresa Biberauer and George Walkden},
	Booktitle = {{Syntax over Time: Lexical, Morphological, and Information-Structural Interactions}},
	Date-Added = {2016-07-29 15:16:11 +0000},
	Date-Modified = {2016-07-29 15:18:56 +0000},
	Editor = {Theresa Biberauer and George Walkden},
	Keywords = {syntactic change},
	Pages = {1--13},
	Publisher = {Oxford University Press},
	Series = {{Oxford Studies in Diachronic and Historical Linguistics 15}},
	Title = {Introduction: Changing views of syntactic change},
	Year = {2015}}

@phdthesis{kinn2015,
	Address = {Oslo},
	Author = {Kari Kinn},
	Date-Added = {2016-09-21 13:48:19 +0000},
	Date-Modified = {2016-09-21 13:53:54 +0000},
	Keywords = {null subject, historical syntax, Old Norse},
	School = {University of Oslo},
	Title = {{Null Subjects in the History of Norwegian}},
	Year = {2015}}
	
@book{denison1993,
	Address = {London},
	Author = {David Denison},
	Date-Added = {2007-02-09 15:37:07 +0100},
	Date-Modified = {2018-09-20 09:49:00 +0200},
	Keywords = {historical syntax; English},
	Publisher = {Longman},
	Title = {{English Historical Syntax}},
	Year = 1993}

@book{haerd1981,
	Address = {Gothenburg},
	Author = {John Evert H{\"a}rd},
	Date-Added = {2018-03-19 16:55:24 +0000},
	Date-Modified = {2018-03-19 16:55:24 +0000},
	Keywords = {enhg, verbal complex},
	Publisher = {Acta Universitatis Gothoburgensis},
	Title = {{Studien zur Struktur mehrgliedriger deutscher Neben\-satz\-pr{\"a}dikate. Diachronie und Synchronie}},
	Year = {1981}}

@book{sapp2011,
	Address = {Amsterdam},
	Author = {Christopher D. Sapp},
	Date-Added = {2018-03-19 16:54:48 +0000},
	Date-Modified = {2018-03-19 16:57:29 +0000},
	Keywords = {infinitive, ENHG},
	Publisher = {John Benjamins},
	Series = {Linguistics Today 173},
	Title = {{The Verbal Complex in Subordinate Clauses from Medieval to Modern German}},
	Year = {2011}}

@book{SaWaBe2003-duplicate,
	Address = {Stanford, CA},
	Author = {Ivan A. Sag and Thomas Wasow and Emily M. Bender},
	Date-Added = {2018-03-19 16:28:16 +0000},
	Date-Modified = {2018-03-19 16:28:16 +0000},
	Edition = {2.},
	Keywords = {textbook, HPSG},
	Publisher = {CSLI Publications},
	Series = {CSLI Lecture Notes 152},
	Title = {{Syntactic Theory}},
	Year = {2003}}

@book{PoSa94,
	Address = {Chicago},
	Author = {Carl Pollard and Ivan A. Sag},
	Date-Added = {2018-03-19 16:21:07 +0000},
	Date-Modified = {2018-03-19 17:08:27 +0000},
	Keywords = {textbook, HPSG},
	Publisher = {University of Chicago Press},
	Title = {{Head-Driven Phrase Structure Grammar}},
	Year = {1994}}

@article{hinrichs2016,
	Author = {Erhard Hinrichs},
	Date-Added = {2018-03-19 16:09:11 +0000},
	Date-Modified = {2018-03-19 16:09:11 +0000},
	Journal = {Lingua},
	Keywords = {verbal complex},
	Pages = {46--70},
	Title = {{Substitute infinitives and Oberfeld placement of auxiliaries in German subordinate clauses: a synchronic and diachronic corpus study using the CLARIN research infrastructure }},
	Volume = {178},
	Year = {2016}}

@incollection{glaser2005a,
	Address = {T{\"u}bingen},
	Author = {Elvira Glaser},
	Booktitle = {{Krieg und Frieden. Auseinandersetzung und Vers{\"o}hnung in Diskursen}},
	Date-Added = {2018-03-19 15:14:06 +0000},
	Date-Modified = {2018-03-19 15:16:48 +0000},
	Editor = {Annelies H{\"a}cki Buhofer and Ulla Kleinberger G{\"u}nther and Elisabeth Piirainen},
	Keywords = {dialect},
	Pages = {43--64},
	Publisher = {Niemeyer},
	Title = {{Krieg und kriegen: zur Arealit{\"a}t der 'bekommen'-Periphrasen}},
	Year = {2005}}

@incollection{LeRo2017,
	Address = {Cambridge},
	Author = {Adam Ledgeway and Ian Roberts},
	Booktitle = {{The Cambridge Handbook of Historical Syntax}},
	Date-Added = {2018-03-18 12:09:03 +0000},
	Date-Modified = {2018-03-18 12:09:03 +0000},
	Editor = {Adam Ledgeway and Ian Roberts},
	Keywords = {historical syntax, models},
	Pages = {581--628},
	Publisher = {Cambridge University Press},
	Title = {{Principles and Parameters}},
	Year = {2017}}

@incollection{BoVi2017,
	Address = {Cambridge},
	Author = {Kersti B{\"o}rjars and Nigel Vincent},
	Booktitle = {{The Cambridge Handbook of Historical Syntax}},
	Date-Added = {2018-03-16 17:26:17 +0000},
	Date-Modified = {2018-03-16 17:26:17 +0000},
	Editor = {Adam Ledgeway and Ian Roberts},
	Keywords = {historical syntax, LFG},
	Pages = {642--663},
	Publisher = {Cambridge University Press},
	Title = {{Lexical-Functional Grammar}},
	Year = {2017}}

@incollection{vincent2001,
	Address = {Stanford, CA},
	Author = {Nigel Vincent},
	Booktitle = {{Time over Matter: Diachronic Perspectives on Morphosyntax}},
	Date-Added = {2018-03-16 16:16:39 +0000},
	Date-Modified = {2018-03-16 16:16:39 +0000},
	Editor = {Miriam Butt and Tracy Holloway King},
	Keywords = {language change, LFG},
	Pages = {1--42},
	Publisher = {CSLI Publications},
	Title = {{LFG as a model of syntactic change}},
	Year = {2001}}

@book{demske2001,
	Address = {Berlin},
	Author = {Ulrike Demske},
	Date-Added = {2018-03-16 12:06:41 +0000},
	Date-Modified = {2018-03-19 17:03:09 +0000},
	Keywords = {NP syntax, historical syntax},
	Publisher = {De Gruyter},
	Series = {Studia Linguistica Germanica 56},
	Title = {{Merkmale und Relationen: Diachrone Studien zur Nominalphrase des Deutschen}},
	Year = {2001}}

@incollection{eroms89,
	Address = {Frankfurt a.M.},
	Author = {Hans-Werner Eroms},
	Booktitle = {{Festschrift f{\"u}r Herbert Kolb}},
	Date-Added = {2018-03-16 12:04:54 +0000},
	Date-Modified = {2018-03-19 15:11:10 +0000},
	Editor = {Klaus Matzel and Hans-Gert Roloff},
	Keywords = {mhg, historical syntax},
	Pages = {81--96},
	Publisher = {Peter Lang},
	Title = {{Zum Passiv im Mittelhochdeutschen}},
	Year = 1989}

@incollection{eroms2013,
	Address = {Frankfurt am Main},
	Author = {Hans-Werner Eroms},
	Booktitle = {{Vielheit und Einheit der Germanistik weltweit}},
	Date-Added = {2018-03-16 12:04:48 +0000},
	Date-Modified = {2018-03-19 15:05:18 +0000},
	Editor = {Franciszek Grucza and Jianhua Zhu},
	Keywords = {infinitive, historical syntax, German},
	Pages = {27--32},
	Publisher = {Peter Lang},
	Title = {{Fr{\"u}hformen des modalen Passivs im Deutschen}},
	Year = {2013}}

@incollection{EnVa96,
	Address = {Edinburgh},
	Author = {Elisabet Engdahl and Enric Vallduv{\'\i}},
	Booktitle = {Studies in HPSG},
	Date-Added = {2018-03-16 12:04:09 +0000},
	Date-Modified = {2018-03-16 12:04:09 +0000},
	Editor = {C. Grover and Enric Vallduv{\'\i}},
	Keywords = {clause combining},
	Pages = {1--31},
	Publisher = {University of Edinburg},
	Series = {Edinburgh Working Papers in Cognitive Science 12},
	Title = {Information Packaging in HPSG},
	Year = {1996}}

@book{ERSW93,
	Address = {T{\"u}bingen},
	Author = {Robert Peter Ebert and Oskar Reichmann and Hans-Joachim Solms and Klaus-Peter Wegera},
	Date-Added = {2018-03-16 12:03:09 +0000},
	Date-Modified = {2018-03-16 12:03:09 +0000},
	Keywords = {syntax, morphology, enhg},
	Publisher = {Niemeyer},
	Title = {{Fr{\"u}hneuhochdeutsche Grammatik}},
	Year = 1993}

@article{ebert88,
	Author = {Robert Peter Ebert},
	Date-Added = {2018-03-16 12:03:06 +0000},
	Date-Modified = {2018-03-16 12:03:06 +0000},
	Journal = {Monatshefte},
	Keywords = {enhg, historical syntax},
	Pages = {32--49},
	Title = {{Variation in the position of the attributive genitive in the sixteenth century German}},
	Volume = 80,
	Year = 1988}

@book{ebert86,
	Address = {Frankfurt am Main},
	Annote = {infinitive},
	Author = {Robert Peter Ebert},
	Date-Added = {2018-03-16 12:03:01 +0000},
	Date-Modified = {2018-03-16 12:03:01 +0000},
	Keywords = {enhg, historical syntax},
	Publisher = {Lang},
	Title = {{Historische Syntax des Deutschen II: 1300-1750}},
	Year = 1986}

@article{ebert1981,
	Annote = {SemApp},
	Author = {Robert Peter Ebert},
	Date-Added = {2018-03-16 12:02:48 +0000},
	Date-Modified = {2018-03-16 12:02:48 +0000},
	Journal = {Beitr{\"a}ge zur Geschichte der deutschen Sprache und Literatur},
	Keywords = {enhg, historical syntax},
	Pages = {204-237},
	Title = {{Social and stylistic variation in the order of auxiliary and nonfinite verbs in dependent clauses in Early New High German}},
	Volume = 103,
	Year = 1981}

@incollection{BiRo2017,
	Address = {Cambridge},
	Author = {Theresa Biberauer and Ian Roberts},
	Booktitle = {The {Cambridge} Handbook of Historical Syntax},
	Date-Added = {2018-03-16 12:02:08 +0000},
	Date-Modified = {2018-03-16 12:02:08 +0000},
	Editor = {Adam Ledgeway and Ian Roberts},
	Keywords = {historical syntax, explanation},
	Pages = {134--162},
	Publisher = {Cambridge University Press},
	Title = {Parameter setting},
	Year = {2017}}


@article{zwicky1987,
	Author = {Arnold M. Zwicky},
	Journal = {Journal of Linguistics},
	Pages = {133-148},
	Title = {{Suppressing the Zs}},
	Volume = {23},
	Year = {1987}}


@book{mueller2018,
	Address = {Berlin},
	Author = {Stefan M{\"u}ller},
	Publisher = {Language Science Press},
	Series = {{Textbooks in Languages Sciences 1}},
	Title = {{Grammatical theory: From Transformational Grammar to constraint-based approaches}},
	Year = {2018}}

@book{mueller2013,
	Address = {T{\"u}bingen},
	Author = {Stefan M{\"u}ller},
	Edition = {3},
	Publisher = {Stauffenburg},
	Series = {Stauffenburg Einf{\"u}hrungen 17},
	Title = {{Head-Driven Phrase Structure Grammar}},
	Year = {2013}}

@book{warner1993,
	Address = {Cambridge},
	Author = {Anthony R. Warner},
	Keywords = {historical syntax, English, HPSG},
	Publisher = {Cambridge University Press},
	Title = {{English auxiliaries. Structure and history}},
	Year = 1993}
	
@article{warner1995,
 Author = {Anthony R. Warner},
 Journal = {Language},
 Number = {3},
 Pages = {533--557},
 Title = {Predicting the progressive passive: parametric change within a lexicalist framework},
 Volume = {71},
 Year = {1995}}

@book{bech1983,
	Address = {Tübingen},
	Author = {Gunnar Bech},
	Edition = {2. edition},
	Publisher = {Niemeyer},
	Title = {{Studien {\"u}ber das deutsche Verbum infinitum}},
	Year = {1983}}

@incollection{VeSlPe2014,
	Address = {Amsterdam},
	Author = {Freek Van de Velde and Petra Sleeman and Harry Perridon},
	Booktitle = {{Adjectives in Germanic and Romance}},
	Editor = { Petra Sleeman and Freek Van de Velde and  Harry Perridon},
	Pages = {1--32},
	Publisher = {Benjamins},
	Title = {{The adjective in Germanic and Romance: development, differences and similarities}},
	Year = {2014}}


@incollection{demske2020,
	Address = {Amsterdam},
	Author = {Ulrike Demske},
	Booktitle = {{Walking on the grammaticalization path of the definite article in German: Functional main and side roads}},
	Editor = {Renata Szczepaniak and Johanna Flick},
		Pages = {43--73},
	Publisher = {Benjamins},
		Series = {Studies in Language Variation 23},
	Title = {{The grammaticalization of the definite article in German: From demonstratives to weak definites}},
	Year = {2020}}

@book{Schoene1939a,
  editor    = {Walter Schöne},
  title     = {Aviso 1609},
  note      = {Facsimile edition},
  address   = {Leipzig},
  publisher = {Harrassowitz},
  keywords  = {diachrony-source},
  year = 1939
}


@book{Lindo1966a,
title = {{Ein kurtzweilig Lesen von Dil Ulenspiegel}. {According} to the print of 1515},
editor = {Wolfgang Lindo},
address = {Stuttgart},
publisher = {Philipp Reclam jun},
  keywords  = {diachrony-source},
year = 1966
}

@misc{DeReKo-dia,
author = {Institut für Deutsche Sprache},
title = {{DeReKo. Das Deutsche Referenzkorpus}},
url = {http://www.ids-mannheim.de/DeReKo},
orgurl = {http://www.ids-mannheim.de/kl/projekte/korpora},
urldate ={2017-07-04},
  keywords  = {diachrony-source},
year = {2005--2015},
}

@book{Simplicissimus,
author = {von Grimmelshausen and Hans Jacob Christoffel},
title  = {{Der Abentheurliche Simplicissimus Teutsch und Continuatio des abentheurlichen Simplicissimi}},
note = {1669},
editor = {Rolf Tarot}, 
address = {Tübingen},
publisher = niemeyer,
  keywords  = {diachrony-source},
year = 1984
}
%% \item \textit{Pontus und Sidonia in der Verdeutschung eines Ungenannten aus dem 15. Jahrhundert}. Edited by Karin Schneider. Berlin: Erich Schmidt 1961. (Texte des späten Mittelalters 14).
%% \item Ralegh, Walter. \textit{Americæ achter Theil / in welchem erstlich beschrieben wirt das maechtige vnd goldtreiche Koenigreich Guiana (\dots) durch (\dots) Walthern Ralegh Rittern und Hauptmann vber jrer koen. mayest. auß Engellandt Leibs Guardi (\dots). Alles erstlich in engellændischer Sprach außgangen / jetzt aber auß der ollændischen Translation in die hochteutsche Sprache gebracht / durch Avgvstinum Cassiodorvm Reinivm (\dots) An Tag gegeben durch Dieterschen von Bryseligen hinderlassenen Erben}. Frankfurt 1599.
%% \item \textit{Otfrids Evangelienbuch}. Edited by Oskar Erdmann, 6th edition by Ludwig Wolff. Tübingen: Max Niemeyer 1973.
%% \item \textit{Die lateinisch-althochdeutsche Tatianbilingue}. Stiftsbibliothek St. Gallen Cod. 56. Edited by Achim Masser. Göttingen: Vandenhoeck \& Ruprecht 1994.



