@incollection{Abeille2014,
	author = {Abeill{\'e}, Anne and B{\^i}lb{\^i}ie, Gabriela and Mouret, Fran\c{c}ois},
	year = {2014},
	title = {A Romance perspective on gapping constructions},
	editor = {Boas, Hans and Gonz{\'a}lvez-Garc{\'i}a, Francisco},
	booktitle = {Romance Perspectives on Construction Grammar},
	pages = {227--267},
	address = {Amsterdam},
	publisher = {Benjamins},
	DOI = {10.1075/cal.15}
}

@article{Abeille2016,
	Author = {Abeill{\'e}, Anne and Crysmann, Berthold and Shira\"{i}shi, Aoi},
	Title = {Syntactic mismatch in {French} peripheral ellipsis},
	Journal = {Empirical Issues in Syntax and Semantics},
	Editor = {Pi{\~n}{\'o}n, Christopher},
	Volume = {11},
	Publisher = {CSSP},
	Address = {Paris},
	Pages = {1--30},
	Year = {2016}
}

@article{Abeille2017,
	Author = {Abeill{\'e}, Anne and Hassamal, Shrita},
	Title = {Sluicing in {Mauritian}: a fragment analysis},
	Journal = {Empirical Issues in Syntax and Semantics},
	Editor = {Pi{\~n}{\'o}n, Christopher},
	Volume = {12},
	Publisher = {CSSP},
	Address = {Paris},
	Pages = {1--30},
	Year = {2017}
}

@incollection{Abels2017,
	Author = {Abels, Klaus},
	Title = {On the interaction of P-stranding and sluicing in {Bulgarian}},
	BookTitle = {Aspects of {Slavic} linguistics: Formal grammar, lexicon and communication},
	Editor = {Mueller-Reichau, Olav and Guhl, Marcel},
	Series = {Language, Context and Cognition},
	Number = {16},
	Publisher = {De Gruyter Mouton},
	Address = {Berlin},
	Pages = {1--28},
	DOI = {10.1515/9783110517873-002},
	Year = {2017}
}

@article{Aelbrecht2015,
	Author = {Aelbrecht, Lobke and Harwood, William},
	Title = {To be or not to be elided: {VP} ellipsis revisited},
	Journal = {Lingua},
	Volume = {153},
	Number = {Issue},
	Pages = {66--97},
	DOI = {10.1016/j.lingua.2014.10.006},
	Year = {2015}
}

@article{Arregui2006,
	Author = {Arregui, Ana and Clifton, Charles Jr. and Frazier, Lyn and Moulton, Keir},
	Title = {Processing elided verb phrases with flawed antecedents: The recycling hypothesis},
	Journal = {Journal of Memory and Language},
	Volume = {55},
	Number = {2},
	Pages = {232--246},
	DOI = {10.1016/j.jml.2006.02.005},
	Year = {2006}
}

@article{Barton1998,
	Author = {Barton, Ellen},
	Title = {The grammar of telegraphic structures: Sentential and nonsentential derivation},
	Journal = {Journal of English Linguistics},
	Volume = {26},
	Number = {1},
	Pages = {37--67},
	DOI = {10.1177/007542429802600103},
	Year = {1998}
}

@inproceedings{Beavers2004,
	Author = {Beavers, John and Sag, Ivan A.},
	Title = {Coordinate ellipsis and apparent non-constituent coordination},
	BookTitle = {Proceedings of the 11th International Conference on Head-Driven Phrase Structure Grammar},
	Editor = {M{\"u}ller, Stefan},
	Address= {Center for Computational Linguistics, Katholieke Universiteit Leuven},
	Publisher = {CSLI Publications},
	Address = {Stanford, CA},
	Pages = {48--69},
	Year = {2004}
}

@article{Beecher2008,
	Author = {Beecher, Henry},
	Title = {Pragmatic inference in the interpretation of sluiced prepositional phrases},
	Journal = {San Diego Linguistics Papers},
	Volume = {3},
	Pages = {2--10},
	Year = {2008}
}

@book{Bresnan1982,
	Author = {Bresnan, Joan},
	Title = {The Mental Representation of Grammatical Relations},
	Publisher = {MIT Press},
	Address = {Cambridge, MA},
	Year = {1982}
}

@article{Chaves2008,
	Author = {Chaves, Rui P.},
	Title = {Linearization-based word-part ellipsis},
	Journal = {Linguistics and Philosophy},
	Volume = {31},
	Number = {3},
	Pages = {261--307},
	DOI = {10.1007/s10988-008-9040-3},
	Year = {2008}
}

@inproceedings{Chaves2009,
	Author = {Chaves, Rui P. },
	Title = {A linearization-based approach to gapping},
	BookTitle = {Proceedings of FG-MoL 2005},
	Editor = {James Rogers},
	Publisher = {CSLI Publications},
	address = {Stanford, CA},
	Pages = {205--218},
	Year = {2009}
}

@article{Caves2014,
	Author = {Chaves, Rui P.},
	Title = {On the disunity of right-node raising phenomena},
	Journal = {Language},
	Volume = {90},
	Number = {4},
	Pages = {834--886},
	Year = {2014}
}

@article{Chung1995,
	Author = {Chung, Sandra and Ladusaw, William A. and McCloskey, James},
	Title = {Sluicing and logical form},
	Journal = {Natural Language Semantics},
	Volume = {3},
	Number = {3},
	Pages = {239-282},
	DOI = {10.1007/BF01248819},
	Year = {1995}
}

@inproceedings{Crysmann2003,
	Author = {Crysmann, Berthold},
	Title = {An asymmetric theory of peripheral sharing in {HPSG}: Conjunction reduction and coordination of unlikes},
	BookTitle = {Proceedings of FGVienna: The 8th Conference on Formal Grammar},
	Editor = {Penn, Gerald},
	Number = {Issue},
	Address= {Stanford, CA},
	Publisher = {CSLI Publications},
	Pages = {45--64},
	Year = {2003}
}

@book{Culicover2005,
	Author = {Culicover, Peter W. and Jackendoff, Ray S.},
	Title = {Simpler Syntax},
	Publisher = {Oxford University Press},
	Address = {Oxford},
	Volume = {Volume},
	Edition = {Edition},
	Series = {Series},
	Number = {SeiesVolume},
	DOI = {10.1093/acprof:oso/9780199271092.001.0001},
	Year = {2005}
}



@phdthesis{Fernandez2006,
	Author= {Fern\'{a}ndez Rovira, Raquel},
	Title = {Non-Sentential Utterances in Dialogue: Classification, Resolution and Use},
	School = {Department of Computer Science, King's College},
	Address = {London},
	Year = {2006}
}

@article{Fernandez2002,
	Author = {Fern\'{a}ndez, Raquel and Ginzburg, Jonathan},
	Title = {Non-sentential utterances: A corpus study},
	Journal = {Traitement Automatique des Langues},
	Volume = {43},
	Number = {2 Dialogue: aspects linguistiques du traitement automatique du dialogue},
	Editor = {Gardent, Claire and Pierrel, Jean-Marie},
	Pages = {13--42},
	Year = {2002}
}




@book{Webber79a,
	author = {Webber, Bonnie},
	title = {A Formal Approach to Discourse Anaphora},
	series = {Outstanding Dissertations in Linguistics},
	address = {New York},
	publisher = {Garland},
	doi = {10.4324/9781315403342},
	year = {1979},
}