@string{RASMAT:04 = {{Proceedings of the Workshop in Recent Advances in Scandinavian Machine Translation}}}

@article{erg,
	author = {Flickinger, Daniel},
	title = {On building a more efficient grammar by exploiting types},
	journal = {Natural Language Engineering},
	volume = {6},
	number = {01},
	pages = {15-28},
	year = {2000},
}

@incollection{Flickinger:11,
  author = {Flickinger, Daniel},
  title = {Accuracy v.\ {R}obustness in Grammar Engineering},
  booktitle = {Language from a Cognitive Perspective: Grammar, Usage and Processing},
  editor = {Bender, Emily M. and Arnold, Jennifer E.},
  address = {Stanford, CA, USA},
  publisher = {CSLI Publications},
  year = 2011,
  pages = {31--50}
}

@book{hpsg,
  author = {Carl Pollard and Ivan A. Sag},
  title = {{H}ead-{D}riven {P}hrase {S}tructure {G}rammar},
  year = 1994,
  publisher = {The University of Chicago Press},
  series = {Studies in Contemporary Linguistics},
  address = {Chicago, IL, USA}
}

@article{semeval,
  title={SemEval-2014 {T}ask 6: Supervised Semantic Parsing of Robotic Spatial Commands},
    author={Dukes, Kais},
	  journal={SemEval 2014},
	    pages={45},
		  year={2014}
		  }

@article{packard2014uw,
  title={{UW}-{MRS}: Leveraging a Deep Grammar for Robotic Spatial Commands},
    author={Packard, Woodley},
	  journal={SemEval 2014},
	    pages={812},
		  year={2014}
		  }

@inproceedings{chartmapping,
  title={Some Fine Points of Hybrid Natural Language Parsing.},
  author={Adolphs, Peter and Oepen, Stephan and Callmeier, Ulrich and Crysmann, Berthold and Flickinger, Dan and Kiefer, Bernd},
  booktitle={LREC},
  year={2008}
}

@inproceedings{ubertag,
  title={Ubertagging: Joint Segmentation and Supertagging for {E}nglish.},
  author={Dridan, Rebecca},
  booktitle={EMNLP},
  pages={1201--1212},
  year={2013}
}

@inproceedings{jigsaw,
  title={Large-scale corpus-driven PCFG approximation of an HPSG},
  author={Zhang, Yi and Krieger, Hans-Ulrich},
  booktitle={Proceedings of the 12th international conference on parsing technologies},
  pages={198--208},
  year={2011},
  organization={Association for Computational Linguistics}
}

@inproceedings{packing,
  author = {Stephan Oepen and John Carroll},
  title = {Ambiguity Packing in Constraint-based Parsing. {P}ractical Results},
  booktitle = {Proceedings of the 1st {C}onference of the
               {N}orth {A}merican {C}hapter of the {ACL}},
  address = {Seattle, WA},
  pages = {162$\,$--$\,$169},
  year = 2000
}



@Book{browncorpus,
  author = {Francis, W. Nelson and Kucera, Henry},
  title = {{F}requency {A}nalysis of {E}nglish {U}sage},
  year = 1982,
  publisher = {Houghton Mifflin Co.},
  address = {New York}
}



@article{redwoods,
  author = {Oepen, Stephan and Flickinger, Daniel and
            Toutanova, Kristina and Manning, Christopher D.},
  title = {{LinGO} {R}edwoods.
           {A} Rich and Dynamic Treebank for {HPSG}},
  journal = {Research on Language and Computation},
  editor = {Hinrichs, Erhard and Simov, Kiril},
  publisher = {Kluwer Academic Publishers},
  address = {Dordrecht, The Netherlands},
  volume = 2,
  number = 4,
  pages = {575--596},
  year = 2004
}

@inproceedings{malrules,
  title={Arboretum: Using a precision grammar for grammar checking in CALL},
  author={Bender, Emily M and Flickinger, Dan and Oepen, Stephan and Walsh, Annemarie and Baldwin, Timothy},
  booktitle={Instil/ICALL symposium 2004},
  year={2004}
}

@article{bridging,
  title={Robust Parsing in HPSG: Bridging the Coverage Chasm},
  author={Flickinger, Dan and Packard, Woodley}
}

@inproceedings{fouvry,
  title={Robust unification for linguistics},
  author={Fouvry, Frederik},
  booktitle={ROMAND 2000 1st workshop on Robust Methods in Analysis of Natural language Data},
  year={2000}
}

@inproceedings{fouvry2,
  title={Constraint relaxation with weighted feature structures},
  author={Fouvry, Frederik},
  booktitle={8th International Workshop on Parsing Technologies},
  year={2003}
}

@PhdThesis{fouvry:2003:a,
  Author         = {Frederik Fouvry},
  Title          = {Robust processing for constraint-based grammar
                   formalisms},
  School         = {Graduate School, University of Essex},
  Address        = {Colchester, UK},
  year           = 2003
}

@inproceedings{Fouvry:03:b, 
  author    = {Frederik Fouvry}, 
  title     = {Constraint Relaxation with Weighted Feature Structures}, 
  year      = {2003}, 
  booktitle = {Proceedings of the 8th International Workshop on Parsing
               Technologies (IWPT)}, 
  pages     = {103-114}
}

@inproceedings{Fli:Pack:2015, 
  author    = {Dan Flickinger and Woodley Packard}, 
  title     = {Robust Parsing in {HPSG}: Bridging the Coverage Chasm}, 
  year      = {2015}, 
  booktitle = {poster presented at the 22nd International Conference on {HPSG}}, 
  pdf = {http://www.ims.uni-stuttgart.de/projekte/pargram/paper/linc2000.pdf},
}

@inproceedings{Zhang:Krieg:2011,
Title = {Large-Scale Corpus-Driven {PCFG} Approximation of an {HPSG}},
Author = {Yi Zhang and Hans-Ulrich Krieger},
BookTitle = {12th International Conference on Parsing Technologies},
Year = {2011},
Publisher = {SigPARSE}
}

@unpublished{Zhang:Oepen:etal,                  
Title = {Robust Parsing, Meaning Composition, and Evaluation: Integrating Grammar Approximation, Default Unification, and Elementary Semantic Dependencies},
Author = {Yi Zhang and Stephan Oepen and Rebecca Dridan and Dan Flickinger and Hans-Ulrich Krieger},
Year = {In prep},
note={Accessed Feb-01-2017 from: \url{http://www.mn.uio.no/ifi/english/people/aca/oe/robustness.pdf}}
}

@book{Kuc:Fran:67,
  author = {Henry Kucera and W. Nelson Francis}, 
  title = {Computational Analysis of Present-Day {A}merican {E}nglish},
  publisher = {Brown University Press},
  year = 1967
}

@article{oepen:2004,
	Author = {Oepen, Stephan and Flickinger, Daniel and Toutanova,
                  Kristina and Manning, Christopher D.},
	Date-Added = {2010-04-14 01:00:04 -0700},
	Date-Modified = {2010-04-14 01:00:04 -0700},
	Journal = {Research on Language and Computation},
	Number = {4},
	Pages = {575--596},
	Publisher = {Springer},
	Title = {{LinGO} {Redwoods}: A Rich and Dynamic Treebank for {HPSG}},
	Volume = {2},
	Year = {2004},
}

@inproceedings{Ben:Fli:Oep:04,
  author = {Emily M. Bender and Dan Flickinger and Stephan Oepen and 
            Annemarie Walsh and Timothy Baldwin},
  title = {Arboretum.
           {U}sing a Precision Grammar for Grammar Checking in {CALL}},
  booktitle = {Proceedings of the {InSTIL} {S}ymposium on
               {NLP} and {S}peech {T}echnologies in 
               {A}dvanced {L}anguage {L}earning {S}ystems},
  address = {Venice, Italy},
  pdf = {http://faculty.washington.edu/ebender/papers/arboretum.pdf},
  year = 2004,
  month = {June}
}

@book{Copestake:02,
  title = {Implementing Typed Feature Structure Grammars},
  author = {Ann Copestake}, 
  publisher = {CSLI Publications},
  address = {Stanford, CA},
  year = 2002
}


@TechReport{	  SimpGron1994,
  address	= {CEC, Luxembourg},
  author	= {Neil Simpkins and Marius Groenendijk},
  institution	= {Cray Systems},
  title		= {The {ALEP} project},
  type		= {Technical Report},
  year		= {1994}
}

@TechReport{	  Manandhar1994,
  author	= {Suresh Manandhar},
  institution	= {University of Edinburgh},
  title		= {User's {G}uide for {CL-ONE}},
  type		= {Technical Report},
  year		= {1994}
}

@InProceedings{	  GoetzMeurers1997,
  address	= {Madrid},
  author	= {Thilo G{\"o}tz and Detmar Meurers},
  booktitle	= {Proceedings of the {W}orkshop on {C}omputational {E}nvironments for {G}rammar {D}evelopment and {L}inguistic {E}ngineering},
  pages		= {88--97},
  publisher	= {COLIPS Publications},
  title		= {The {ConTroll} system as large grammar development platform},
  year		= {1997}
}

@inproceedings{Lon:Oep:Ber:04,
  author = {Jan Tore L{\o}nning and Stephan Oepen and Dorothee Beermann and Lars Hellan  and John Carroll and Helge Dyvik and Dan Flickinger and Janne Bondi Johannessen and Paul Meurer and Torbj{\o}rn Nordg{\aa}rd and Victoria Ros{\'e}n and Erik Velldal},
  title = {{LOGON}. {A} {N}orwegian {MT} Effort},
  booktitle = RASMAT:04,
  address = {Uppsala, Sweden},
  pdf = {http://stp.ling.uu.se/RASMAT/extended_abstracts/LOGON.pdf},
  year = 2004
}

@inproceedings{Suppesetal:12,
  author = {Patrick Suppes and Dan Flickinger and Elizabeth Macken and Jeanette Cook and L. Liang},
  title = {Description of the {EPGY} {S}tanford {U}niversity Online Courses for {M}athematics and the {L}anguage {A}rts},
  booktitle = {Proceedings of the International Society for Technology in Education},
  address = {San Diego, California},
  year = 2012
}

@incollection{Flickinger:17,
  author = {Flickinger, Daniel},
  title = {Generating {E}nglish Paraphrases from Logic},
  booktitle = {From Semantics to Dialectometry: Festschrift in Honour of John Nerbonne},
  editor = {Martijn Wieling and Gosse Bouma and Gertjan van Noord},
  publisher = {Springer},
  year = 2017,
  pages = {99--108}
}

@inproceedings{Sch:Kie:Spu:11,
  title={The {ACL} {Anthology} {Searchbench}},
  author={Ulrich Sch\"{a}fer and Bernd Kiefer and Christian Spurk and J\"{o}rg Steffen and Rui Wang},
  booktitle={Proceedings of the {ACL}-{HLT} 2011 System Demonstrations},
  pages={7--13},
  year={2011},
  address={Portland, Oregon, USA}
}

@inproceedings{Hellanetal:13,
  title={A {G}rammar {S}parrer for {N}orwegian},
  author={Lars Hellan and Tore Bruland and Elias Aamot and Mads H. Sand{\o}y},
  booktitle={Proceedings of the {N}ordic {C}onference on {C}omputational {L}inguistcs ({NoDaLiDa})},
  pages={435--441},
  year={2013},
  address={Oslo, Norway}
}

@inproceedings{Herb:Cope:06,
  title={Acquiring {O}ntological {R}elationships from {W}ikipedia Using {RMRS}},
  author={Aur{\'e}lie Herbelot and Ann Copestake},
  booktitle={Proceedings of the {ISWC} 2006 workshop on web content},
  year={2006},
  address={Athens, Georgia}
}

@article{DBLP:journals/corr/KuhnleC17,
  author    = {Alexander Kuhnle and
               Ann A. Copestake},
  title     = {ShapeWorld - {A} new test methodology for multimodal language understanding},
  journal   = {CoRR},
  volume    = {abs/1704.04517},
  year      = {2017},
  url       = {http://arxiv.org/abs/1704.04517},
  archivePrefix = {arXiv},
  eprint    = {1704.04517},
  timestamp = {Mon, 13 Aug 2018 16:48:34 +0200},
  biburl    = {https://dblp.org/rec/bib/journals/corr/KuhnleC17},
  bibsource = {dblp computer science bibliography, https://dblp.org}
}

@Unpublished{	  UszPet1982,
  author	= {Hans Uszkoreit and Stanley Peters},
  note = {Paper presented at the annual meeting of the Linguistic Society of America},
  title		= {Essential variables in metarules },
  year		= {1982}
}

@inproceedings{Flickinger1983,
  author = {Daniel Flickinger},
  title = {Lexical heads and phrasal gaps},
  booktitle = {Proceedings of the West Coast Conference on Formal Linguistics},
  address = {Stanford},
  pages={89--101},
  year = 1983
}

@article{Lambek1958,
  author = {Joachim Lambek},
  title = {The {M}athematics of {S}entence {S}tructure},
  journal = {The American Mathematical Monthly},
  volume = 65,
  number = 3,
  pages = {154--170},
  year = 1958
}

@InCollection{	  PollardSag1983,
  author	= {Carl J. Pollard and Ivan A. Sag},
  booktitle	= {{WCCFL83}},
  pages		= {189--203},
  title		= {Reflexives and Reciprocals in English: An Alternative to 
                   the Binding Theory},
  year		= {1983}
}

@TechReport{	  LaubNerb1991,
  author	= {Joachim Laubsch and John Nerbonne},
  institution = {Hewlett-Packard Laboratories},
  title		= {An {O}verview of {NLL}},
  biburl        = {http://urd.let.rug.nl/nerbonne/papers/Laubsch-Nerbonne-unpub-NLL-1991.pdf},
  year		= {1991}
}

@TechReport{	  NerProud1987,
  author	= {John Nerbonne and Derek Proudian},
  institution = {Hewlett-Packard Laboratories},
  title		= {The {HP-NL} {S}ystem},
  note        = {URL: http://urd.let.rug.nl/nerbonne/papers/Old-Scans/HP-NL-System-Nerbonne-Proudian-1987.pdf},
  year		= {1987}
}

@book{Newmeyer:1980,
  title = {Linguistic theory in {A}merica: {T}he first quarter-century of transformational generative grammar},
  author = {Frederick J. Newmeyer}, 
  publisher = {Academic Press},
  address = {New York},
  year = 1980
}

@article{ChomLas1977,
  author = {Noam Chomsky and Howard Lasnik},
  title = {Filters and {c}ontrol},
  journal = {Linguistic Inquiry},
  volume = 8,
  pages = {425--504},
  year = 1977
}

@book{Hockett1958,
  title = {A course in modern linguistics},
  author = {Charles F. Hockett}, 
  publisher = {Macmillan},
  address = {New York},
  year = 1958
}

@article{Kasamietal1989,
  author = {Tadao Kasami and Hiroyuki Seki and Mamoru Fujii},
  title = {Generalized context-free grammars and multiple context-free grammars},
  journal = {Systems and Computers in Japan},
  volume = 20,
  number = 7,
  pages = {43--52},
  year = 1989
}

@InCollection{	  Roach1987,
  author	= {Kelly Roach},
  booktitle	= {Mathematics of Language},
  title		= {Formal Properties of Head Grammars},
  editor        = {Alexis Manaster-Ramer},
  publisher     = {John Benjamins},
  pages         = {293--348},
  address       = {Amsterdam},
  year		= {1987}
}
                  
@article{VijayWeir1994,
  author = {Vijay-shanker, K. and David J. Weir},
  title = {The equivalence of four extensions of context-free grammars},
  journal = {Mathematical Systems Theory},
  volume = 27,
  pages = {511--546},
  year = 1994
}

@article{CollStab2016,
  author = {Collins, Chris and Edward Stabler},
  title = {A {F}ormalization of {M}inimalist {S}yntax},
  journal = {Syntax},
  volume = 19,
  number = 1,
  pages = {43--78},
  year = 2016
}

@article{RetStab2004,
  author = {Retor{\'e}, Christian and Edward Stabler},
  title = {Generative {G}rammars in {R}esource {L}ogics},
  journal = {Research on Language and Computation},
  pages = {3--25},
  year = 2004
}

@inproceedings{RoundsKasper1986,
  author = {Rounds, William C. and Robert T. Kasper},
  title = {A Complete Logical Calculus for Record Structures Representing Linguistic Information},
  booktitle = {Proceedings of the 15th {A}nnual {IEEE} {S}ymposium on {L}ogic in {C}omputer {S}cience},
  address = {Cambridge, MA},
  pages={38--43},
  year = 1986
}
                  
@inproceedings{MoshierRounds1987,
  author = {Moshier, M. Drew and William C. Rounds},
  title = {A Logic for Partially Specified Data Structures},
  booktitle = {Proceedings of the 14th {ACM} {S}ymposium on {P}rinciples of {P}rogramming {L}anguages},
  address = {Munich, Germany},
  pages={156--167},
  year = 1987
}

@InCollection{	  Scott1982,
  author	= {Dana S. Scott},
  booktitle	= {International Colloquium on Automata, Languages and Programs, volume 140 of Lecture Notes in Computer Science},
  title		= {Domains for denotational semantics},
  editor        = {M. Nielson and E. M. Schmidt},
  publisher     = {Springer Verlag},
  pages         = {577--613},
  year		= {1982}
}

@InProceedings{creary-pollard:1985:ACL,
  author    = {Lewis G. Creary  and  Carl J. Pollard},
  title     = {A Computational Semantics for Natural Language},
  booktitle = {Proceedings of the 23rd Annual Meeting of the Association for Computational Linguistics},
  month     = Jul,
  year      = {1985},
  address   = {Chicago, Illinois, USA},
  publisher = {Association for Computational Linguistics},
  pages     = {172--179},
  url       = {http://www.aclweb.org/anthology/P85-1022},
  doi       = {10.3115/981210.981232}
}

@inproceedings{Gaw:Kin:Lam:82,
  author    = {Gawron, Jean Mark and King, Jonathan and Lamping, John
               and Loebner, Egon and Paulson, E. Anne
               and Pullum, Geoffrey K. and Sag, Ivan A. and Wasow, Thomas},
  title     = {Processing {E}nglish with a {G}eneralized {P}hrase 
               {S}tructure {G}rammar},
  booktitle = {Proceedings of the 20th Annual Meeting of the {A}ssociation for {C}omputational {L}inguistics},
  year      = 1982,
  pages     = {74--81}
}

@inproceedings{
    myk:etal:02,
    author = {Mykowiecka, Agnieszka and Marciniak, Malgorzata and Przepi{\'o}rkowski, Adam and Kup{\'s}{\'c}, Anna},
    title = {An Implementation of a Generative Grammar of {P}olish},
    pages = {271--285},
    crossref = {kos:etal:03:ed}
}
@proceedings{
    kos:etal:03:ed,
    editor = {Kosta, Peter and Blaszczak, Joanna and Frasek, Jens and Geist, Ljudmila and Zygis, Marzena},
    publisher = {Peter Lang},
    booktitle = {Investigations into Formal {S}lavic Linguistics: Contributions of the Fourth {E}uropean Conference on Formal Description of {S}lavic Languages -- {FDSL IV} held at {P}otsdam {U}niversity, {N}ovember 28--30, 2001},
    address = {Frankfurt am Main},
    title = {Investigations into Formal {S}lavic Linguistics: Contributions of the Fourth {E}uropean Conference on Formal Description of {S}lavic Languages -- {FDSL IV} held at {P}otsdam {U}niversity, {N}ovember 28--30, 2001},
    year = {2003}
}


@PhdThesis{Shabes90,
  Author         = {Yves Shabes},
  Title          = {Mathematical and computational aspects of lexicalized grammars},
  School         = {University of Pennsylvania},
  year           = 1990
}

@INPROCEEDINGS{Ristad86,
    author = {Eric Sven Ristad},
    title = {Computational Complexity of Current {GPSG} Theory},
    crossref = {acl86},
    pages = {30--39}
}

@article{Bach83,
  author = {Emmon Bach},
  title = {On the Relationship between {Word-Grammar} and {Phrase-Grammar}},
  journal = {Natural Language and Linguistic Theory},
  volume = 1,
  number = 1,
  pages = {65--89},
  year = 1983
}


@unpublished{Pollard:2013,                  
Title = {Traces exist (hypothetically)!},
Author = {Carl J. Pollard},
Year = {2013},
note = {Presented at the {Workshop on Structure and Evidence in Linguistics, Stanford}},
url = {https://web.stanford.edu/dept/linguistics/structures_evidence/website/docs/slides/pollard.pdf},
urldate = {2018-09-10},
}

@unpublished{Pollard:1986,                  
Title = {{HPSG} Tutorial},
Author = {Carl J. Pollard},
Year = {1986},
note = {Handout for tutorial presented at ICOT in Tokyo, in July 1986}
}


@techreport{Franz:90,
author = "Alex Franz",
year   = "1990",
title  = "A Parser for {HPSG}",
institution = "Laboratory for Computational Linguistics",		
number = "CMU-LCL-90-3",
type   = "Laboratory for Computational Linguistics Report",
address = "Carnegie Mellon University"
}

@InCollection{	  Minsky1975,
  author	= {Marvin Minsky},
  booktitle	= {The Psychology of Computer Vision},
  editor        = {Patrick Winston},
  publisher     = {McGraw-Hill},
  address       = {New York},                  
  pages		= {211--277},
  title		= {A Framework for Representing Knowledge},
  year          = 1975
}
@article {Ben:Dre:Fok:Pou:Sal:10,
   author = {Bender, Emily M. and Drellishak, Scott and Fokkens, Antske and Poulson, Laurie and Saleem, Safiyyah},
   affiliation = {Department of Linguistics, University of Washington, Seattle, WA USA},
   title = {Grammar Customization},
   journal = {Research on Language \& Computation},
   publisher = {Springer Netherlands},
   issn = {1570-7075},
   volume = 8,
   number = 1,
   pages = {23--72},
   url = {http://dx.doi.org/10.1007/s11168-010-9070-1},
   note = {10.1007/s11168-010-9070-1},
   year = {2010}
}

@inproceedings{Bender2015LayersOI,
  title={Layers of Interpretation: On Grammar and Compositionality},
  author={Emily M. Bender and Dan Flickinger and Stephan Oepen and Woodley Packard and Ann A. Copestake},
  booktitle={IWCS},
  year={2015}
}

@InProceedings{MARIMON10.602,
  author = {Montserrat Marimon},
  title = {The Spanish Resource Grammar},
  booktitle = {Proceedings of the Seventh International Conference on Language Resources and Evaluation (LREC'10)},
  year = {2010},
  month = {may},
  date = {19-21},
  address = {Valletta, Malta},
  editor = {Nicoletta Calzolari (Conference Chair) and Khalid Choukri and Bente Maegaard and Joseph Mariani and Jan Odijk and Stelios Piperidis and Mike Rosner and Daniel Tapias},
  publisher = {European Language Resources Association (ELRA)},
  isbn = {2-9517408-6-7},
  language = {english}
 } 

@inproceedings{BrancoCosta2010, 
  author = {Branco, António and Costa, Francisco}, 
  title = {A Deep Linguistic Processing Grammar for {P}ortuguese}, 
  year = {2010}, 
  booktitle = {Computational Processing of the Portuguese Language}, 
  publisher = {Springer}, 
  series = {Lecture Notes in Artificial Intelligence}, 
  volume = {LNAI6001}, 
  pages = {86$\,$--$\,$89}, 
  address = {Berlin}
 }


@inproceedings{Osenova2011, 
  author = {Osenova, Petya}, 
  title = {Localizing a Core {HPSG}-based Grammar for {B}ulgarian}, 
  year = {2011}, 
  booktitle = {Multilingual Resources and Multilingual Applications}, 
  editor = {Hanna Hedeland and Thomas Schmidt and Kai Worner},
  volume = {GSCL 2011}, 
  pages = {175$\,$--$\,$180}, 
  address = {Hamburg}
 }

@InProceedings{Bender2008,
  author = 	"Bender, Emily M.",
  title = 	"Evaluating a Crosslinguistic Grammar Resource: A Case Study of Wambaya",
  booktitle = 	"Proceedings of ACL-08: HLT",
  year = 	"2008",
  publisher = 	"Association for Computational Linguistics",
  pages = 	"977--985",
  location = 	"Columbus, Ohio",
  url = 	"http://www.aclweb.org/anthology/P08-1111"
}

@InProceedings{Moeljadietal2015,
  author = 	"Moeljadi, David and Sanghoun Song and Francis Bond",
  title = 	"Building an {HPSG}-based {I}ndonesian Resource Grammar ({INDRA})",
  booktitle = 	"Proceedings of the {G}rammar {E}ngineering {A}cross {F}rameworks ({GEAF}) {W}orkshop, 53rd Annual Meeting of the {ACL} and 7th {IJCNLP}",
  year = 	"2015",
  publisher = 	"Association for Computational Linguistics",
  pages = 	"9--16",
  location = 	"Beijing"
}

  address = {Hamburg}
 }

@InProceedings{Bender2008,
  author = 	"Bender, Emily M.",
  title = 	"Evaluating a Crosslinguistic Grammar Resource: A Case Study of Wambaya",
  booktitle = 	"Proceedings of ACL-08: HLT",
  year = 	"2008",
  publisher = 	"Association for Computational Linguistics",
  pages = 	"977--985",
  location = 	"Columbus, Ohio",
  url = 	"http://www.aclweb.org/anthology/P08-1111"
}

@InProceedings{Moeljadietal2015,
  author = 	"Moeljadi, David and Sanghoun Song and Francis Bond",
  title = 	"Building an {HPSG}-based {I}ndonesian Resource Grammar ({INDRA})",
  booktitle = 	"Proceedings of the {G}rammar {E}ngineering {A}cross {F}rameworks ({GEAF}) {W}orkshop, 53rd Annual Meeting of the {ACL} and 7th {IJCNLP}",
  year = 	"2015",
  publisher = 	"Association for Computational Linguistics",
  pages = 	"9--16",
  location = 	"Beijing"
}
