@article{dummy,
}

@Book{		  MRR2018a-ed-2nd,
  address	= {Berlin},
  booktitle	= {{Beiträge zur Grammatik des Deutschen: Gesammelte
		  Schriften von Tilman N. Höhle}},
  doi		= {10.5281/zenodo.2588383},
  editor	= {Stefan Müller and Marga Reis and Frank Richter},
  number	= {5},
  publisher	= lsp,
  series	= {Classics in Linguistics},
  edition        = {2},
  title		= {{Beiträge zur deutschen Grammatik: Gesammelte Schriften
		  von Tilman N. Höhle}},
  year		= {2019}
}
