%@preamble{"\newcommand{\SortNoop}[1]{}"}
% this is now in \localcommands since defining it in all bibs gives conflicts

@InCollection{Kaplan:1989:a,
  author =	 {Kaplan, David},
  title =	 {Demonstratives},
  booktitle =	 {Themes from {K}aplan},
  publisher =	 {Oxford University Press},
  year =	 1989,
  editor =	 {Almog, Joseph and Perry, John and Wettstein, Howard},
  editora =	 {Deiwiks, Ingrid and Zalta, Edward N.},
  editoratype =	 {collaborator},
  pages =	 {481-563},
  address =	 {New York and Oxford},
}

@Article{Alahverdzhieva:Lascarides:Flickinger:2017,
  title =        {Aligning speech and co-speech gesture in a
                  constraint-based grammar},
  author =       {Alahverdzhieva, Katya and Lascarides, Alex and
                  Flickinger, Dan},
  journal =      {Journal of Language Modelling},
  volume =       5,
  number =       3,
  year =         2017,
  pages =        {421-464}
}

@InCollection{Kendon:Versante:2003,
  author =	 {Adam Kendon and Laura Versante},
  title =	 {Pointing by Hand in ``Neapolitan''},
  booktitle =	 {Pointing: Where Language, Culture, and Cognition
                  Meet},
  publisher =	 {Lawrence Erlbaum Associates, Inc.},
  year =	 2003,
  editor =	 {Sotaro Kita},
  chapter =	 6,
  pages =	 {109-137},
  address =	 {Mahwah, New Jersey},
}

@Book{Cienki:Mueller:2008,
  editor =	 {Cienki, Alan J. and M\"{u}ller, Cornelia},
  publisher =	 {John Benjamins},
  title =	 {Metaphor and Gesture},
  series =	 {Gesture studies},
  number =	 3,
  year =	 2008,
  address =	 {Amsterdam}
}

@InProceedings{Ebert:Evert:Wilmes:2011,
  author =	 {Ebert, Cornelia and Evert, Stefan and Wilmes,
                  Katharina},
  year =	 2011,
  title =	 {Focus Marking via Gestures},
  booktitle =	 {Proceedings of Sinn \& Bedeutung 15},
  address =	 {Saarbr\"{u}cken, Germany},
  pages =	 {193-208},
  editor =	 {Reich, Ingo and Horch, Eva and Pauly, Dennis},
  publisher =	 {Saarland University Press}
}

@ARTICLE{Abner:Cooperrider:Goldin-Meadow:2015,
  AUTHOR = {Abner, Natasha and Cooperrider, Kensy and Goldin-Meadow, Susan},
  DATE = {2015},
  DOI = {10.1111/lnc3.12168},
  JOURNALTITLE = {Language and Linguistics Compass},
  NUMBER = {11},
  PAGES = {437--451},
  TITLE = {Gesture for Linguists: {A} Handy Primer},
  VOLUME = {9},
}

@THESIS{Alahverdzhieva:2013,
  AUTHOR = {Alahverdzhieva, Katya},
  INSTITUTION = {School of Informatics, University of Edinburgh},
  DATE = {2013},
  TITLE = {Alignment of Speech and Co-speech Gesture in a Constraint"=based Grammar},
  TYPE = {phdthesis},
}

@INPROCEEDINGS{Alahverdzhieva:Flickinger:Lascarides:2012,
  AUTHOR =	 {Alahverdzhieva, Katya and Flickinger, Dan and
                  Lascarides, Alex},
  LOCATION =	 {Montreal, Canada},
  BOOKTITLE =	 {Proceedings of the 2012 Conference of the {North
                  American Chapter of the Association for
                  Computational Linguistics}: Human Language
                  Technologies},
  EDITOR =	 {Fosler-Lussier, Eric and Riloff, Ellen and
                  Bangalore, Srinivas},
  DATE =	 {2012},
  PAGES =	 {582--586},
  SERIES =	 {NAACL-HLT 2012},
  TITLE =	 {Multimodal Grammar Implementation},
}

@INPROCEEDINGS{Alahverdzhieva:Lascarides:2010,
  AUTHOR =	 {Alahverdzhieva, Katya and Lascarides, Alex},
  CROSSREF =	 {Mueller2010a-ed},
  PAGES =	 {5--25},
  TITLE =	 {Analysing Language and Co-verbal Gesture in
                  Constraint"=based Grammars},
}

@INPROCEEDINGS{Alahverdzhieva:Lascarides:2011,
  AUTHOR =	 {Alahverdzhieva, Katya and Lascarides, Alex},
  CROSSREF =	 {Mueller2011a-ed},
  PAGES =	 {6--24},
  TITLE =	 {An {HPSG} Approach to Synchronous Speech and Deixis},
}

@BOOK{Argyle:1975,
  AUTHOR = {Argyle, Michael},
  LOCATION = {New York, NY},
  PUBLISHER = {Methuen \& Co.},
  DATE = {1975},
  TITLE = {Bodily Communication},
}

@BOOK{Argyle:Cook:1976,
  AUTHOR = {Argyle, Michael and Cook, Mark},
  LOCATION = {Cambridge, UK},
  PUBLISHER = {Cambridge University Press},
  DATE = {1976},
  TITLE = {Gaze and Mutual Gaze},
}

@ARTICLE{Bangerter:Oppenheimer:2006,
  AUTHOR = {Bangerter, Adrian and Oppenheimer, Daniel M.},
  DATE = {2006},
  JOURNALTITLE = {Gesture},
  NUMBER = {1},
  PAGES = {85--102},
  TITLE = {Accuracy in Detecting Referents of Pointing Gestures Unaccompanied by Language},
  VOLUME = {6},
}

@ARTICLE{Bavelas:Chovil:Coates:Roe:1995,
  AUTHOR =	 {Bavelas, Janet B. and Chovil, Nicole and Coates,
                  Linda and Roe, Lori},
  DATE =	 {1995},
  JOURNALTITLE = {Personality and Social Psychology Bulletin},
  PAGES =	 {394--405},
  TITLE =	 {Gestures Specialized for Dialogue},
  VOLUME =	 {21},
  NUMBER =	 {4}
}

@ARTICLE{Bavelas:Chovil:Lawrie:Wade:1992,
  AUTHOR = {Bavelas, Janet B. and Chovil, Nicole and Lawrie, Douglas A. and Wade, Allan},
  DATE = {1992},
  DOI = {10.1080/01638539209544823},
  JOURNALTITLE = {Discourse Processes},
  NUMBER = {4},
  PAGES = {469--489},
  TITLE = {Interactive Gestures},
  VOLUME = {15},
}

@ARTICLE{Bavelas:Gerwing:Sutton:Prevost:2008,
  AUTHOR = {Bavelas, Janet B. and Gerwing, Jennifer and Sutton, Chantelle and Prevost, Danielle},
  DATE = {2008},
  DOI = {10.1016/j.jml.2007.02.004},
  JOURNALTITLE = {Journal of Memory and Language},
  NUMBER = {2},
  PAGES = {495--520},
  TITLE = {Gesturing on the telephone: {Independent} effects of dialogue and visibility},
  VOLUME = {58},
}

@ARTICLE{Bierman:1962,
  AUTHOR = {Bierman, Arthur K.},
  DATE = {1962},
  JOURNALTITLE = {Philosophy and Phenomenological Research},
  NUMBER = {2},
  PAGES = {243--249},
  TITLE = {That There Are No Iconic Signs},
  VOLUME = {23},
}

@BOOK{Birdwhistell:1970,
  AUTHOR = {Birdwhistell, Ray L.},
  LOCATION = {Philadelphia},
  PUBLISHER = {University of Pennsylvania Press},
  DATE = {1970},
  TITLE = {Kinesics and Context: {Essays} on Body Motion Communication},
}

@INCOLLECTION{Bruneau:1980,
  AUTHOR = {Bruneau, Thomas J.},
  EDITOR = {Key, Mary Ritchie},
  LOCATION = {The Hague, The Netherlands},
  PUBLISHER = {Mouton},
  BOOKTITLE = {The Relationship of Verbal and Nonverbal Communication},
  DATE = {1980},
  PAGES = {101--118},
  TITLE = {Chronemics and the Verbal-Nonverbal Interface},
}

@ARTICLE{Bruner:1998,
  AUTHOR = {Bruner, Jerome S.},
  DATE = {1998},
  JOURNALTITLE = {Pragmatics \& Cognition},
  NOTE = {Special Issue: The Concept of Reference in the Cognitive Sciences},
  NUMBER = {1/2},
  PAGES = {209--227},
  TITLE = {Routes to Reference},
  VOLUME = {6},
}

@BOOK{Buehler:1934:ORIG,
  AUTHOR = {Bühler, Karl},
  LOCATION = {Stuttgart},
  PUBLISHER = {Gustav Fischer Verlag},
  DATE = {1934},
  RELATED = {Buehler:1999:REL},
  RELATEDSTRING = {Re-edition},
  TITLE = {{Sprachtheorie. Die Darstellungsfunktion der Sprache}},
}

@BOOK{Buehler:1999:REL,
  AUTHOR =	 {Karl B\"{u}hler},
  PUBLISHER =	 {UTB, Lucius \& Lucius},
  ADDRESS =	 {Stuttgart},
  DATE =	 1999
}

@ARTICLE{Burks:1949,
  AUTHOR = {Burks, Arthur W.},
  DATE = {1949},
  JOURNALTITLE = {Philosophy and Phenomenological Research},
  NUMBER = {4},
  PAGES = {673--689},
  TITLE = {Icon, Index, and Symbol},
  VOLUME = {9},
}

@ARTICLE{Butterworth:Itakura:2000,
  AUTHOR =	 {Butterworth, George and Itakura, Shoji},
  DATE =	 {2000},
  JOURNALTITLE = {British Journal of Developmental Psychology},
  PAGES =	 {25--50},
  TITLE =	 {How the eyes, head and hand serve definite
                  reference},
  VOLUME =	 {18},
  NUMBER =	 {1}
}

@BOOK{Clark:1996,
  AUTHOR = {Clark, Herbert H.},
  LOCATION = {Cambridge},
  PUBLISHER = {Cambridge University Press},
  DATE = {1996},
  TITLE = {Using Language},
}

@INPROCEEDINGS{Cohen:et:al:1997,
  AUTHOR = {Cohen, Philip R. and Johnston, Michael and McGee, David and Oviatt, Sharon and Pittman, Jay and Smith, Ira and Chen, Liang and Clow, Josh},
  LOCATION = {Seattle, Washington, USA},
  BOOKTITLE = {Proceedings of the Fifth {ACM} International Conference on Multimedia},
  DATE = {1997},
  DOI = {10.1145/266180.266328},
  PAGES = {31--40},
  SERIES = {MULTIMEDIA '97},
  TITLE = {{QuickSet}: {Multimodal} Interaction for Distributed Applications},
}

@INCOLLECTION{Cooper:Ginzburg:2015,
  AUTHOR = {Cooper, Robin and Ginzburg, Jonathan},
  EDITOR = {Lappin, Shalom and Fox, Chris},
  LOCATION = {Oxford, UK},
  PUBLISHER = {Wiley-Blackwell},
  BOOKTITLE = {The Handbook of Contemporary Semantic Theory},
  CHAPTER = {12},
  DATE = {2015},
  EDITION = {2},
  PAGES = {375--407},
  TITLE = {Type Theory with Records for Natural Language Semantics},
}

@ARTICLE{Cooperrider:2017,
  AUTHOR = {Cooperrider, Kensy},
  DATE = {2017},
  DOI = {10.1075/gest.16.2.02coo},
  ISSN = {1568-1475},
  JOURNALTITLE = {Gesture},
  NUMBER = {2},
  PAGES = {176--202},
  TITLE = {Foreground gesture, background gesture},
  VOLUME = {16},
}

@ARTICLE{Cooperrider:Nunez:2012,
  AUTHOR = {Cooperrider, Kensy and Núñez, Rafael},
  DATE = {2012},
  DOI = {doi:10.1075/gest.12.2.01coo},
  JOURNALTITLE = {Gesture},
  NUMBER = {2},
  PAGES = {103--129},
  TITLE = {Nose-pointing: {Notes} on a facial gesture of {Papua New Guinea}},
  VOLUME = {12},
}

@INPROCEEDINGS{Copestake:2007,
  AUTHOR = {Copestake, Ann},
  LOCATION = {Prague, Czech Republic},
  BOOKTITLE = {Proceedings of the Workshop on Deep Linguistic Processing},
  DATE = {2007},
  PAGES = {73--80},
  SERIES = {DeepLP'07},
  TITLE = {Semantic Composition with {(Robust) Minimal Recursion Semantics}},
}

@ARTICLE{Copestake:Flickinger:Pollard:Sag:2005,
  AUTHOR = {Copestake, Ann and Flickinger, Dan and Pollard, Carl and Sag, Ivan A.},
  DATE = {2005},
  JOURNALTITLE = {Research on Language and Computation},
  NUMBER = {4},
  PAGES = {281--332},
  TITLE = {{Minimal Recursion Semantics}: {An} Introduction},
  VOLUME = {3},
}

@ARTICLE{Domaneschi:Passarelli:Chiorri:2017,
  AUTHOR = {Domaneschi, Filippo and Passarelli, Marcello and Chiorri, Carlo},
  DATE = {2017-08},
  DOI = {10.1007/s10339-017-0809-6},
  JOURNALTITLE = {Cognitive Processing},
  NUMBER = {3},
  PAGES = {285--306},
  TITLE = {Facial expressions and speech acts: {Experimental} evidences on the role of the upper face as an illocutionary force indicating device in language comprehension},
  VOLUME = {18},
}

@MISC{Ebert:2014:a,
  AUTHOR = {Ebert, Cornelia},
  DATE = {2014-04},
  HOWPUBLISHED = {Workshop on Demonstration and Demonstratives, April 11--12 2014, Stuttgart},
  TITLE = {The Non-At-Issue Contributions of Gestures},
}

@BOOK{Eco:1976,
  AUTHOR = {Eco, Umberto},
  LOCATION = {Bloomington},
  PUBLISHER = {Indiana University Press},
  DATE = {1976},
  TITLE = {A Theory of Semiotics},
}

@Article{Zywiczynski:Wacewicz:Orzechowski:2017,
  title =        {Adaptors and the turn-taking mechanism. {The}
                  distribution of adaptors relative to turn borders in
                  dyadic conversation},
  author =       {\.{Z}ywiczy\'{n}ski, Przemys{\l}aw and Wacewicz,
                  S{\l}awomir and Orzechowski, Sylwester},
  journal =      {Interaction Studies},
  volume =       18,
  number =       2,
  year =         2017,
  pages =        {276--298},
  doi =          {10.1075/is.18.2.07zyw}
}

@ARTICLE{Ekman:Friesen:1969,
  AUTHOR = {Ekman, Paul and Friesen, Wallace V.},
  DATE = {1969},
  JOURNALTITLE = {Semiotica},
  NUMBER = {1},
  PAGES = {49--98},
  TITLE = {The Repertoire of Nonverbal Behavior: {Categories}, Origins, Usage, and Coding},
  VOLUME = {1},
}

@BOOK{Ekman:Friesen:1978,
  AUTHOR = {Ekman, Paul and Friesen, Wallace V.},
  LOCATION = {Palo Alto, CA},
  PUBLISHER = {Consulting Psychologists Press},
  DATE = {1978},
  TITLE = {Facial Action Coding System: {A} Technique for the Measurement of Facial Movement},
}

@ARTICLE{Enfield:2001,
  AUTHOR = {Enfield, Nick J.},
  DATE = {2001},
  JOURNALTITLE = {Gesture},
  NUMBER = {2},
  PAGES = {185--212},
  TITLE = {Lip-pointing: {A} discussion of form and function with reference to data from {Laos}},
  VOLUME = {1},
}

@INCOLLECTION{Engdahl:Vallduvi:1996,
  AUTHOR = {Engdahl, Elisabet and Vallduví, Enric},
  EDITOR = {Engdahl, Elisabet and Vallduví, Enric},
  LOCATION = {Edinburgh},
  PUBLISHER = {University of Edinburgh},
  BOOKTITLE = {Edinburgh Working Papers in Cognitive Science},
  DATE = {1996},
  PAGES = {1--31},
  SERIES = {Studies in HPSG},
  TITLE = {Information Packaging in {HPSG}},
  NUMBER = {12},
}

@ARTICLE{Fernando:2011,
  AUTHOR =	 {Fernando, Tim},
  DATE =	 {2011},
  DOI =		 {10.1007/s10992-010-9155-1},
  JOURNALTITLE = {Journal of Philosophical Logic},
  PAGES =	 {371--396},
  TITLE =	 {Constructing Situations and Time},
  VOLUME =	 {40},
  NUMBER =	 {3}
}

@BOOK{Fricke:2007:a,
  AUTHOR =	 {Fricke, Ellen},
  LOCATION =	 {Berlin},
  PUBLISHER =	 {De Gruyter},
  DATE =	 {2007},
  SERIES =	 {Linguistik -- Impulse \&\ Tendenzen},
  TITLE =	 {{Origo, Geste und Raum}},
  NUMBER =	 {24}
}

@BOOK{Fricke:2012,
  AUTHOR = {Fricke, Ellen},
  LOCATION = {Berlin},
  PUBLISHER = {De Gruyter},
  DATE = {2012},
  SERIES = {Linguistik -- Impulse und Tendenzen},
  TITLE = {Grammatik multimodal. {Wie} {Wörter} und {Gesten} zusammenwirken},
  NUMBER = {40},
}

@ARTICLE{Galantucci:Garrod:2011,
  AUTHOR = {Galantucci, Bruno and Garrod, Simon},
  DATE = {2011},
  DOI = {10.3389/fnhum.2011.00011},
  JOURNALTITLE = {Frontiers in Human Neuroscience},
  NUMBER = {11},
  TITLE = {Experimental Semiotics: {A} Review},
  VOLUME = {5},
}

@ARTICLE{Gerwing:Bavelas:2004,
  AUTHOR = {Gerwing, Jennifer and Bavelas, Janet B.},
  DATE = {2004},
  JOURNALTITLE = {Gesture},
  NUMBER = {2},
  PAGES = {157--195},
  TITLE = {Linguistic influences on gesture's form},
  VOLUME = {4},
}

@INPROCEEDINGS{Gibbon:et:al:2003,
  AUTHOR =	 {Gibbon, Dafydd and Gut, Ulrike and Hell, Benjamin
                  and Looks, Karin and Thies, Alexandra and Trippel,
                  Thorsten},
  LOCATION =	 {Geneva, Switzerland},
  BOOKTITLE =	 {Proceedings of the 8th {European} Conference on
                  Speech Communication and Technology},
  DATE =	 {2003},
  PAGES =	 {813--816},
  SERIES =	 {EUROSPEECH 2003},
  EDITOR =	 {{ISCA Archive}},
  URL =		 {http://www.isca-speech.org/archive/eurospeech_2003},
  URLDATE =	 {2018-09-10},
  TITLE =	 {A Computational Model of Arm Gestures in
                  Conversation},
}

@INPROCEEDINGS{Ginzburg:Breitholz:Cooper:Hough:Tian:2015,
  AUTHOR = {Ginzburg, Jonathan and Breitholtz, Ellen and Cooper, Robin and Hough, Julian and Tian, Ye},
  EDITOR = {Brochhagen, Thomas and Roelofsen, Floris and Theiler, Nadine},
  LOCATION = {Amsterdam, Netherlands},
  URL = {http://semanticsarchive.net/Archive/mVkOTk2N/AC2015-proceedings.pdf},
  URLDATE =	 {2018-09-10},
  BOOKTITLE = {Proceedings of the 20th {Amsterdam Colloquium}},
  DATE = {2015},
  PAGES = {137--146},
  TITLE = {Understanding Laughter},
}

@INCOLLECTION{Giorgolo:2010,
  AUTHOR = {Giorgolo, Gianluca},
  EDITOR = {Aloni, Maria and Bastiaanse, Harald and de Jager, Tikitu and Schulz, Katrin},
  LOCATION = {Berlin},
  PUBLISHER = {Springer},
  BOOKTITLE = {Logic, Language and Meaning},
  DATE = {2010},
  PAGES = {305--314},
  SERIES = {Lecture Notes in Computer Science},
  TITLE = {A Formal Semantics for Iconic Spatial Gestures},
  NUMBER = {6042},
}

@Proceedings{LFG11,
  address	= {Stanford, CA},
  booktitle	= {Proceedings of the {LFG 2011} Conference},
  editor	= {Miriam Butt and Tracy Holloway King},
  publisher	= {CSLI Publications},
  title		= {Proceedings of the {LFG 2011} Conference},
  url		= {http://csli-publications.stanford.edu/LFG/16/},
  urldate	= {2018-09-30},
  year		= {2011}
}

@INPROCEEDINGS{Giorgolo:Asudeh:2011,
  AUTHOR =	 {Giorgolo, Gianluca and Asudeh, Ash},
  CROSSREF =	 {LFG11},
  PAGES =	 {257--277},
  TITLE =	 {Multimodal Communication in {LFG}: Gestures and the
                  Correspondence Architecture},
}

@BOOK{Goodman:1976,
  AUTHOR = {Goodman, Nelson},
  LOCATION = {Idianapolis},
  PUBLISHER = {Hackett Publishing Company, Inc.},
  DATE = {1976},
  EDITION = {2},
  TITLE = {Languages of Art. {An} Approach to a Theory of Symbols},
}

@INCOLLECTION{Goodwin:2003,
  AUTHOR = {Goodwin, Charles},
  EDITOR = {Kita, Sotaro},
  LOCATION = {Mahwah, New Jersey},
  PUBLISHER = {Lawrence Erlbaum Associates, Inc.},
  BOOKTITLE = {Pointing: {Where} Language, Culture, and Cognition Meet},
  CHAPTER = {2},
  DATE = {2003},
  PAGES = {217--241},
  TITLE = {Pointing as Situated Practice},
}

@ARTICLE{Hadjikhani:Hoge:Snyder:de:Gelder:2008,
  AUTHOR = {Hadjikhani, Nouchine and Hoge, Rick and Snyder, Josh and de Gelder, Beatrice},
  DATE = {2008},
  DOI = {http://dx.doi.org/10.1016/j.bandc.2008.01.008},
  ISSN = {0278-2626},
  JOURNALTITLE = {Brain and Cognition},
  NUMBER = {1},
  PAGES = {1--8},
  TITLE = {Pointing with the Eyes: {The} Role of Gaze in Communicating Danger},
  VOLUME = {68},
}

@INPROCEEDINGS{Hahn:Rieser:2010,
  AUTHOR = {Hahn, Florian and Rieser, Hannes},
  EDITOR = {{Ł}upowski, Pawe{ł} and Purver, Matthew},
  LOCATION = {Poznan, Poland},
  ORGANIZATION = {Polish Society for Cognitive Science},
  BOOKTITLE = {Proceedings of the 14th Workshop on the Semantics and Pragmatics of Dialogue: {Aspects} of Semantics and Pragmatics of Dialogue},
  DATE = {2010},
  PAGES = {99--111},
  SERIES = {SemDial 2010},
  TITLE = {Explaining Speech Gesture Alignment in {MM} Dialogue Using Gesture Typology},
}

@ARTICLE{Hall:1968,
  AUTHOR = {Hall, Edward T.},
  DATE = {1968},
  JOURNALTITLE = {Current Anthropology},
  NUMBER = {2-3},
  PAGES = {83--108},
  TITLE = {Proxemics},
  VOLUME = {9},
}

@INCOLLECTION{Jannedy:Mendoza-Denton:2005,
  AUTHOR =	 {Jannedy, Stefanie and Mendoza-Denton, Norma},
  EDITOR =	 {Ishihara, Shinichiro and Schmitz, Michaela and
                  Schwarz, Anne},
  LOCATION =	 {Potsdam},
  PUBLISHER =	 {Universitätsverlag},
  URL =		 {http://opus.kobv.de/ubp/volltexte/2006/877/},
  URLDATE =	 {2018-09-30},
  BOOKTITLE =	 {Interdisciplinary Studies on Information Structure
                  {(ISIS)}},
  DATE =	 {2005},
  PAGES =	 {199--244},
  SERIES =	 {Working Papers of the SFB 632},
  TITLE =	 {Structuring Information Through Gesture and
                  Intonation},
  NUMBER =	 {3},
  ISSN =	 {1866-4725},
  NOTE =	 {URN: urn:nbn:de:kobv:517-opus-8774}
}

@ARTICLE{Johansson:1973,
  AUTHOR =	 {Johansson, Gunnar},
  DATE =	 {1973},
  JOURNALTITLE = {Perception \& Psychophysics},
  NUMBER =	 {2},
  PAGES =	 {201--211},
  TITLE =	 {Visual Perception of Biological Motion and a Model
                  for its Analysis},
  VOLUME =	 {14},
  DOI =		 {10.3758/BF03212378}
}

@inproceedings{Johnston:1998,
  author =	 {Johnston, Michael},
  title =	 {Unification-based Multimodal Parsing},
  booktitle =	 {Proceedings of the 36th Annual Meeting of the
                  {Association for Computational Linguistics} and 17th
                  International Conference on Computational
                  Linguistics -- {Volume 1}},
  series =	 {ACL '98},
  year =	 1998,
  location =	 {Montreal, Quebec, Canada},
  pages =	 {624--630},
  doi =		 {10.3115/980845.980949},
  publisher =	 {Association for Computational Linguistics},
  address =	 {Stroudsburg, PA, USA},
} 

@INPROCEEDINGS{Johnston:et:al:1997,
  AUTHOR =	 {Johnston, Michael and Cohen, Philip R. and McGee,
                  David and Oviatt, Sharon L. and Pittman, James
                  A. and Smith, Ira},
  LOCATION =	 {Madrid, Spain},
  ORGANIZATION = {European Chapter Meeting of the ACL},
  PUBLISHER =	 {Association for Computational Linguistics},
  BOOKTITLE =	 {Proceedings of the 35th Annual Meeting of the
                  {Association for Computational Linguistics} and
                  Eighth Conference of the European Chapter of the
                  Association for Computational Linguistics},
  year =	 1997,
  location =	 {Madrid, Spain},
  address =	 {Stroudsburg, PA, USA},
  DATE =	 1997,
  PAGES =	 {281--288},
  doi =		 {10.3115/976909.979653},
  TITLE =	 {Unification-based Multimodal Integration},
}

@ARTICLE{Kauffman:1971,
  AUTHOR = {Kauffman, Lynn E.},
  DATE = {1971},
  DOI = {10.1515/semi.1971.4.2.149},
  JOURNALTITLE = {Semiotica},
  NUMBER = {2},
  PAGES = {149--161},
  TITLE = {Tacesics, the Study of Touch: {A} Model for Proxemic Analysis},
  VOLUME = {4},
}

@ARTICLE{Kelly:Kravitz:Hopkins:2004,
  AUTHOR =	 {Kelly, Spencer D. and Kravitz, Corinne and Hopkins,
                  Michael},
  DATE =	 {2004},
  JOURNALTITLE = {Brain and Language},
  PAGES =	 {253--260},
  TITLE =	 {Neural Correlates of Bimodal Speech and Gesture
                  Comprehension},
  VOLUME =	 {89},
  NUMBER =	 {1},
  DOI =		 {10.1016/S0093-934X(03)00335-3}
}

@ARTICLE{Kendon:1967,
  AUTHOR =	 {Kendon, Adam},
  DATE =	 {1967},
  DOI =		 {10.1016/0001-6918(67)90005-4},
  JOURNALTITLE = {Acta Psychologica},
  PAGES =	 {22--63},
  TITLE =	 {Some functions of gaze-direction in social
                  interaction},
  VOLUME =	 {26},
  NUMBER =	 {1}
}

@INCOLLECTION{Kendon:1972,
  AUTHOR =	 {Kendon, Adam},
  EDITOR =	 {Siegman, Aron Wolfe and Pope, Benjamin},
  LOCATION =	 {Elmsford, NY},
  PUBLISHER =	 {Pergamon Press},
  BOOKTITLE =	 {Studies in Dyadic Communication},
  CHAPTER =	 {9},
  DATE =	 {1972},
  PAGES =	 {177--210},
  TITLE =	 {Some relationships between body motion and
                  speech. {An} analysis of an example},
}

@INCOLLECTION{Kendon:1980,
  AUTHOR = {Kendon, Adam},
  EDITOR = {Key, Mary Ritchie},
  LOCATION = {The Hague},
  PUBLISHER = {Mouton},
  BOOKTITLE = {The Relationship of Verbal and Nonverbal Communication},
  DATE = {1980},
  PAGES = {207--227},
  SERIES = {Contributions to the Sociology of Language},
  TITLE = {Gesticulation and Speech: {Two} Aspects of the Process of Utterance},
  NUMBER = {25},
}

@BOOK{Kendon:2004,
  AUTHOR = {Kendon, Adam},
  LOCATION = {Cambridge, MA},
  PUBLISHER = {Cambridge University Press},
  DATE = {2004},
  TITLE = {Gesture: {Visible} Action as Utterance},
}

@ARTICLE{Kita:Ozyurek:2003,
  AUTHOR = {Kita, Sotaro and Özyürek, Aslı},
  DATE = {2003},
  DOI = {10.1016/S0749-596X(02)00505-3},
  JOURNALTITLE = {Journal of Memory and Language},
  NUMBER = {1},
  PAGES = {16--32},
  TITLE = {What Does Cross-Linguistic Variation in Semantic Coordination of Speech and Gesture Reveal?: {Evidence} for an Interface Representation of Spatial Thinking and Speaking},
  VOLUME = {48},
}

@INCOLLECTION{Klein:2000,
  AUTHOR =	 {Klein, Ewan},
  EDITOR =	 {Cann, Ronnie and Grover, Claire and Miller, Philip},
  LOCATION =	 {Stanford, CA},
  PUBLISHER =	 {CSLI Publications},
  BOOKTITLE =	 {Grammatical Interfaces in {HPSG}},
  CHAPTER =	 {10},
  DATE =	 {2000},
  PAGES =	 {169--200},
  TITLE =	 {Prosodic Constituency in {HPSG}},
  SERIES =	 {Studies in Constraint-Based Lexicalism}
}

@ARTICLE{Klein:1978,
  AUTHOR = {Klein, Wolfgang},
  DATE = {1978},
  JOURNALTITLE = {Linguistische Berichte},
  PAGES = {18--40},
  TITLE = {Wo ist hier? {Präliminarien} zu einer {Untersuchung} der lokalen {Deixis}},
  VOLUME = {58},
}

@INPROCEEDINGS{Kopp:Tepper:Cassell:2004,
  AUTHOR =	 {Kopp, Stefan and Tepper, Paul and Cassell, Justine},
  PUBLISHER =	 {ACM},
  BOOKTITLE =	 {Proceedings of the 6th International Conference on
                  Multimodal Interfaces},
  SERIES =	 {ICMI '04},
  DATE =	 {2004},
  PAGES =	 {97--104},
  TITLE =	 {Towards Integrated Microplanning of Language and
                  Iconic Gesture for Multimodal Output},
  LOCATION =	 {State College, PA, USA},
  ADDRESS =	 {New York, NY, USA},
  DOI =		 {10.1145/1027933.1027952},
}

@INCOLLECTION{Kranstedt:Luecking:Pfeiffer:Rieser:Wachsmuth:2006:a,
  AUTHOR =	 {Kranstedt, Alfred and Lücking, Andy and Pfeiffer,
                  Thies and Rieser, Hannes and Wachsmuth, Ipke},
  EDITOR =	 {Gibet, Sylvie and Courty, Nicolas and Kamp,
                  Jean-Francois},
  LOCATION =	 {Berlin},
  PUBLISHER =	 {Springer},
  BOOKSUBTITLE = {6th {International Gesture Workshop}, GW 2005,
                  {Berder Island}, {France}, {May} 18-20, 2005,
                  Revised Selected Papers},
  BOOKTITLE =	 {Gesture in Human"=Computer Interaction and
                  Simulation},
  DATE =	 {2006},
  PAGES =	 {300--311},
  SERIES =	 {Lecture Notes in Computer Science},
  TITLE =	 {Deixis: {How} to Determine Demonstrated Objects
                  Using a Pointing Cone},
  NUMBER =	 {3881},
}

@InCollection{Kranstedt:Luecking:Pfeiffer:Rieser:Wachsmuth:2006:b,
  author =	 {Alfred Kranstedt and Andy L\"{u}cking and Thies
                  Pfeiffer and Hannes Rieser and Ipke Wachsmuth},
  title =	 {Deictic Object Reference in Task-oriented Dialogue},
  booktitle =	 {Situated Communication},
  publisher =	 {Mouton de Gruyter},
  year =	 2006,
  editor =	 {Gert Rickheit and Ipke Wachsmuth},
  pages =	 {155-207},
  address =	 {Berlin},
}

@INCOLLECTION{Krauss:Chen:Gottesmann:2000,
  AUTHOR = {Krauss, Robert M. and Chen, Yihsiu and Gottesmann, Rebecca F.},
  EDITOR = {McNeill, David},
  LOCATION = {Cambridge, UK},
  PUBLISHER = {Cambridge University Press},
  BOOKTITLE = {Language and Gesture},
  CHAPTER = {13},
  DATE = {2000},
  PAGES = {261--283},
  TITLE = {Lexical Gestures and Lexical Access: {A} Process Model},
}

@ARTICLE{Lascarides:Stone:2009:a,
  AUTHOR = {Lascarides, Alex and Stone, Matthew},
  DATE = {2009},
  DOI = {10.1093/jos/ffp004},
  JOURNALTITLE = {Journal of Semantics},
  NUMBER = {4},
  PAGES = {393--449},
  TITLE = {A Formal Semantic Analysis of Gesture},
  VOLUME = {26},
}

@ARTICLE{Lausberg:Sloetjes:2009,
  AUTHOR = {Lausberg, Hedda and Sloetjes, Han},
  DATE = {2009},
  JOURNALTITLE = {Behavior Research Methods},
  NUMBER = {3},
  PAGES = {841--849},
  TITLE = {Coding gEstural Behavior with the {NEUROGES-ELAN} system},
  VOLUME = {41},
}

@INCOLLECTION{Levinson:2008,
  AUTHOR = {Levinson, Stephen C.},
  PUBLISHER = {Blackwell},
  BOOKTITLE = {The Handbook of Pragmatics},
  CHAPTER = {5},
  DATE = {2008},
  PAGES = {97--121},
  TITLE = {Deixis},
}

@THESIS{Loehr:2004,
  AUTHOR = {Loehr, Daniel},
  INSTITUTION = {Georgetown University},
  LOCATION = {Washington, D.C.},
  DATE = {2004},
  TITLE = {Gesture and Intonation},
  TYPE = {phdthesis},
}

@ARTICLE{Loehr:2007,
  AUTHOR = {Loehr, Daniel},
  DATE = {2007},
  JOURNALTITLE = {Gesture},
  NUMBER = {2},
  PAGES = {179--214},
  TITLE = {Apects of Rhythm in Gesture in Speech},
  VOLUME = {7},
}

@BOOK{Luecking:2013:a,
  AUTHOR = {Lücking, Andy},
  LOCATION = {Berlin},
  PUBLISHER = {De Gruyter},
  DATE = {2013},
  NOTE = {Zugl. Diss. Univ. Bielefeld (2011)},
  TITLE = {Ikonische {Gesten}. {Grundzüge} einer linguistischen {Theorie}},
}

@INPROCEEDINGS{Luecking:2016,
  AUTHOR = {Lücking, Andy},
  EDITOR = {Ganzha, Maria and Maciaszek, Leszek and Paprzycki, Marcin},
  PUBLISHER = {IEEE},
  BOOKTITLE = {Proceedings of the 2016 Federated Conference on Computer Science and Information Systems},
  DATE = {2016-09},
  DOI = {10.15439/2016F83},
  PAGES = {383--392},
  SERIES = {Annals of Computer Science and Information Systems},
  TITLE = {Modeling Co-verbal Gesture Perception in Type Theory with Records},
  NUMBER = {8},
}

@INCOLLECTION{Luecking:2018:a,
  AUTHOR =	 {Lücking, Andy},
  EDITOR =	 {Coniglio, Marco and Murphy, Andrew and Schlachter,
                  Eva and Veenstra, Tonjes},
  PUBLISHER =	 {De Gruyter},
  ADDRESS =	 {Berlin},
  BOOKTITLE =	 {Atypical Demonstratives. {Syntax}, Semantics and
                  Pragmatics},
  DATE =	 {2018},
  ISBN =	 {978-3-11-056029-9},
  TITLE =	 {Witness-loaded and Witness-free Demonstratives},
  SERIES =	 {Linguistische Arbeiten},
  NUMBER =	 {568}
}

@INPROCEEDINGS{Luecking:Bergmann:Hahn:Kopp:Rieser:2010,
  AUTHOR = {Lücking, Andy and Bergmann, Kirsten and Hahn, Florian and Kopp, Stefan and Rieser, Hannes},
  LOCATION = {Malta},
  ORGANIZATION = {7th International Conference for Language Resources and Evaluation},
  BOOKTITLE = {Multimodal Corpora: {Advances} in Capturing, Coding and Analyzing Multimodality},
  DATE = {2010},
  DOI = {10.13140/2.1.4216.1922},
  PAGES = {92--98},
  SERIES = {LREC 2010},
  TITLE = {The {B}ielefeld Speech and Gesture Alignment Corpus ({SaGA})},
}

@REPORT{FIGURE:annotation,
  AUTHOR = {Lücking, Andy and Kurfürst, Dennis and Walther, Désirée and Mauri, Marcel and Mehler, Alexander},
  INSTITUTION = {Text Technology Lab},
  LOCATION = {Goethe University Frankfurt},
  DATE = {2016},
  KEYWORDS = {own,report},
  NUMBER = {TTLab-TR-2016-05},
  TITLE = {{FIGURE}: {Gesture} Annotation},
  TYPE = {techreport},
}

@INPROCEEDINGS{Luecking:Mehler:2012,
  AUTHOR = {Lücking, Andy and Mehler, Alexander},
  EDITOR = {Scott-Phillips, Thomas C. and Tamariz, Mónica and Cartmill, Erica A. and Hurford, James R.},
  LOCATION = {Kyoto, Japan},
  BOOKTITLE = {Proceedings of the 9th International Conference on the Evolution of Language},
  DATE = {2012},
  PAGES = {196--203},
  SERIES = {Evolang IX},
  TITLE = {What's the Scope of the {Naming Game}? {Constraints} on Semantic Categorization},
}

@INPROCEEDINGS{Luecking:Mehler:Menke:2008,
  AUTHOR = {Lücking, Andy and Mehler, Alexander and Menke, Peter},
  LOCATION = {King's College London},
  BOOKTITLE = {Proceedings of the 12th Workshop on the Semantics and Pragmatics of Dialogue},
  DATE = {2008},
  PAGES = {157--164},
  SERIES = {LonDial'08},
  TITLE = {Taking Fingerprints of Speech-and-Gesture Ensembles: {Approaching} Empirical Evidence of Intrapersonal Alignmnent in Multimodal Communication},
}

@INCOLLECTION{Luecking:Pfeiffer:2012,
  AUTHOR = {Lücking, Andy and Pfeiffer, Thies},
  EDITOR = {Mehler, Alexander and Romary, Laurent},
  EDITORA = {Gibbon, Dafydd},
  LOCATION = {Berlin},
  PUBLISHER = {De Gruyter Mouton},
  BOOKTITLE = {Handbook of Technical Communication},
  CHAPTER = {18},
  DATE = {2012},
  EDITORATYPE = {collaborator},
  PAGES = {591--644},
  SERIES = {Handbooks of Applied Linguistics},
  TITLE = {Framing Multimodal Technical Communication.},
  NUMBER = {8},
}

@ARTICLE{Luecking:Pfeiffer:Rieser:2015,
  AUTHOR = {Lücking, Andy and Pfeiffer, Thies and Rieser, Hannes},
  DATE = {2015},
  DOI = {10.1016/j.pragma.2014.12.013},
  JOURNALTITLE = {Journal of Pragmatics},
  PAGES = {56--79},
  TITLE = {Pointing and Reference Reconsidered},
  VOLUME = {77},
}

@INPROCEEDINGS{Luecking:Rieser:Stegmann:2004,
  AUTHOR =	 {Lücking, Andy and Rieser, Hannes and Stegmann, Jens},
  LOCATION =	 {Barcelona},
  BOOKTITLE =	 {Proceedings of the Eighth Workshop on the Semantics
                  and Pragmatics of Dialogue},
  DATE =	 {2004},
  PAGES =	 {56--63},
  SERIES =	 {Catalog '04},
  EDITOR =	 {Ginzburg, Jonathan and Vallduví, Enric},
  TITLE =	 {Statistical Support for the Study of Structures in
                  Multi-Modal Dialogue: {Inter}-Rater Agreement and
                  Synchronization},
}

@INPROCEEDINGS{Martell:2002,
  AUTHOR =	 {Martell, Craig},
  LOCATION =	 {Las Palmas, Spain},
  BOOKTITLE =	 {Proceedings of the Third International Conference
                  on Language Resources and Evaluation and the
                  Workshop on Multimodal Resources and Multimodal
                  Systems Evaluation},
  EDITOR =	 {Maybury, Mark},
  DATE =	 {2002},
  SERIES =	 {LREC 2002},
  PAGES =	 {183--187},
  TITLE =	 {{FORM}: An Extensible, Kinematically-based Gesture
                  Annotation Scheme},
}

@INCOLLECTION{Masataka:2003,
  AUTHOR = {Masataka, Nobuo},
  EDITOR = {Kita, Sotaro},
  LOCATION = {Mahwah, New Jersey},
  PUBLISHER = {Lawrence Erlbaum Associates, Inc.},
  BOOKTITLE = {Pointing: {Where} Language, Culture, and Cognition Meet},
  CHAPTER = {4},
  DATE = {2003},
  PAGES = {69--84},
  TITLE = {From Index-Finger Extension to Index-Finger Pointing: {Ontogenesis} of Pointing in Preverbal Infants},
}

@ARTICLE{Matthews:Behne:Lieven:Tomasello:2012,
  AUTHOR = {Matthews, Danielle and Behne, Tanya and Lieven, Elena and Tomasello, Michael},
  DATE = {2012},
  DOI = {10.1111/j.1467-7687.2012.01181.x},
  JOURNALTITLE = {Developmental Science},
  NUMBER = {6},
  PAGES = {817--829},
  TITLE = {Origins of the Human Pointing Gesture: {A} Training Study},
  VOLUME = {15},
}

@ARTICLE{McClave:1994,
  AUTHOR = {McClave, Evelyn},
  DATE = {1994},
  JOURNALTITLE = {Journal of Psycholinguistic Research},
  NUMBER = {1},
  PAGES = {45--66},
  TITLE = {Gestural Beats: {The} Rhythm Hypothesis},
  VOLUME = {23},
}

@ARTICLE{McGinn:1981,
  AUTHOR = {McGinn, Colin},
  DATE = {1981},
  JOURNALTITLE = {Synthese},
  NUMBER = {2},
  PAGES = {157--186},
  TITLE = {The Mechanism of Reference},
  VOLUME = {49},
}

@ARTICLE{McNeill:1985,
  AUTHOR = {McNeill, David},
  DATE = {1985},
  JOURNALTITLE = {Psychological Review},
  NUMBER = {3},
  PAGES = {350--371},
  TITLE = {So You Think Gestures are Nonverbal?},
  VOLUME = {92},
}

@BOOK{McNeill:1992,
  AUTHOR = {McNeill, David},
  LOCATION = {Chicago},
  PUBLISHER = {Chicago University Press},
  DATE = {1992},
  TITLE = {Hand and Mind -- {What} Gestures Reveal about Thought},
}

@BOOK{McNeill:2005,
  AUTHOR = {McNeill, David},
  LOCATION = {Chicago},
  PUBLISHER = {University of Chicago Press},
  DATE = {2005},
  TITLE = {Gesture and Thought},
}

@INPROCEEDINGS{Mehler:Luecking:2012:d,
  AUTHOR = {Mehler, Alexander and L{ü}cking, Andy},
  EDITOR = {Giorgolo, Gianluca and Alahverdzhieva, Katya},
  BOOKTITLE = {Proceedings of the International Workshop on Formal and Computational Approaches to Multimodal Communication under the auspices of {ESSLLI} 2012, {Opole}, {Poland}, 6--10 {August}},
  DATE = {2012},
  TITLE = {Pathways of Alignment between Gesture and Speech: {Assessing} Information Transmission in Multimodal Ensembles},
}

@BOOK{Mueller:1998,
  AUTHOR = {Müller, Cornelia},
  LOCATION = {Berlin},
  PUBLISHER = {Berlin Verlag},
  DATE = {1998},
  langid = {german},
  NOTE = {Zugl. Diss. Frei Universität Berlin (1996)},
  SERIES = {Körper -- Kultur -- Kommunikation},
  TITLE = {Redebegleitende {Gesten}. {Kulturgeschichte} -- {Theorie} -- {Sprachvergleich}},
  NUMBER = {1},
}

@MVBOOK{Mueller:Cienki:Fricke:Ladewig:McNeill:Tessendorf:2013:2014,
  EDITOR = {Müller, Cornelia and Cienki, Alan and Fricke, Ellen and Ladewig, Silva and McNeill, David and Tessendorf, Sedinha},
  LOCATION = {Berlin},
  PUBLISHER = {De Gruyter Mouton},
  DATE = {2013/2014},
  SERIES = {Handbücher zur Sprach- und Kommunikationswissenschaft / Handbooks of Linguistics and Communication Science (HSK) 38/1 \& 2},
  TITLE = {Body -- Language -- Communication. An International Handbook on Multimodality in Human Interaction},
  VOLUMES = {2},
}

@INCOLLECTION{Nobe:2000,
  AUTHOR = {Nobe, Shuichi},
  EDITOR = {McNeill, David},
  LOCATION = {Cambridge, MA},
  PUBLISHER = {Cambridge University Press},
  BOOKTITLE = {Language and Gesture},
  DATE = {2000},
  PAGES = {186--198},
  TITLE = {Where do \emph{most} Spontaneous Representational Gestures Actually Occur with Respect to Speech?},
}

@BOOK{Noeth:1990,
  AUTHOR = {N{ö}th, Winfried},
  LOCATION = {Bloomington, Indianapolis},
  PUBLISHER = {Indiana University Press},
  DATE = {1990},
  TITLE = {Handbook of Semiotics},
}

@ARTICLE{Nunberg:1993,
  AUTHOR = {Nunberg, Geoffrey},
  DATE = {1993},
  DOI = {10.1007/BF00984721},
  JOURNALTITLE = {Linguistics and Philosophy},
  NUMBER = {1},
  PAGES = {1--43},
  TITLE = {Indexicality and Deixis},
  VOLUME = {16},
}

@INCOLLECTION{Ozyurek:2012,
  AUTHOR =	 {Özyürek, Aslı},
  EDITOR =	 {Pfau, Roland and Steinbach, Markus and Woll, Bencie},
  ADDRESS =	 {Berlin},
  PUBLISHER =	 {De Gruyter Mouton},
  BOOKTITLE =	 {Sign Language: {An} International Handbook},
  CHAPTER =	 {27},
  DATE =	 {2012},
  PAGES =	 {626--646},
  SERIES =	 {Handbücher zur {Sprach}- und
                  {Kommunikationswissenschaft} / Handbooks of
                  Linguistics and Communication Science (HSK)},
  TITLE =	 {Gesture},
  VOLUME =	 {37},
}

@ARTICLE{Peacocke:1987,
  AUTHOR = {Peacocke, Christopher},
  DATE = {1987},
  JOURNALTITLE = {The Philosophical Review},
  NUMBER = {3},
  PAGES = {383--410},
  TITLE = {Depiction},
  VOLUME = {96},
}

@INCOLLECTION{Posner:2002,
  AUTHOR = {Posner, Roland},
  EDITOR = {Joerden, Jan C.},
  LOCATION = {Frankfurt am Main},
  PUBLISHER = {Peter Lang},
  BOOKTITLE = {Ritualisierte {Tabuverletzung}, {Lachkultur} und das {Karnevaleske}},
  DATE = {2002},
  PAGES = {395--421},
  SERIES = {Studien zur Ethik in Ostmitteleuropa},
  TITLE = {Alltagsgesten als {Ergebnis} von {Ritualisierung}},
  VOLUME = {6},
}

@MVBOOK{Posner:Robering:Sebeok:1997:2004,
  EDITOR = {Posner, Roland and Robering, Klaus and A. Sebeok, Thomas},
  LOCATION = {Berlin},
  PUBLISHER = {De Gruyter},
  DATE = {1997/2004},
  SERIES = {Handbücher zur {Sprach}- und {Kommunikationswissenschaft} / Handbooks of Linguistics and Communication Science (HSK) 13/1--4},
  TITLE = {Semiotik. Ein {Handbuch} zu den zeichentheoretischen {Grundlagen} von {Natur} und {Kultur} / Semiotics. A Handbook on the Sign-Theoretic Foundations of Nature and Culture},
  VOLUMES = {4},
}

@INCOLLECTION{Poyatos:1975,
  AUTHOR = {Poyatos, Fernando},
  EDITOR = {Kendon, Adam and Richards, Harris M. and Key, Mary Ritchie},
  LOCATION = {The Hague},
  PUBLISHER = {Mouton},
  BOOKTITLE = {Organization of Behavior in Face-to-Face Interaction},
  DATE = {1975},
  PAGES = {285--314},
  TITLE = {Cross-Cultural Study of Paralinguistic ``Alternants'' in Face-to-Face Interaction},
}

@ARTICLE{Quine:1950,
  AUTHOR = {Quine, Willard Van Orman},
  DATE = {1950},
  JOURNALTITLE = {The Journal of Philosophy},
  NUMBER = {22},
  PAGES = {621--633},
  TITLE = {Identity, Ostension, and Hypostasis},
  VOLUME = {47},
}

@INPROCEEDINGS{Rieser:2004,
  AUTHOR = {Rieser, Hannes},
  LOCATION = {Barcelona},
  BOOKTITLE = {Proceedings of the Eighth Workshop on the Semantics and Pragmatics of Dialogue},
  DATE = {2004},
  PAGES = {93--100},
  SERIES = {Catalog '04},
  TITLE = {Pointing in Dialogue},
}

@INPROCEEDINGS{Rieser:2008,
  AUTHOR = {Rieser, Hannes},
  LOCATION = {King's College London},
  BOOKTITLE = {{LonDial} 2008: {The} 12th Workshop on the Semantics and Pragmatics of Dialogue},
series={SemDial},
  DATE = {2008},
  PAGES = {167--174},
  TITLE = {Aligned Iconic Gesture in Different Strata of MM Route-Description},
}

@INPROCEEDINGS{Rieser:2010,
  AUTHOR = {Rieser, Hannes},
  EDITOR = {Kopp, Stefan and Wachsmuth, Ipke},
  LOCATION = {Berlin and Heidelberg},
  PUBLISHER = {Springer},
  BOOKTITLE = {Proceedings of {GW} 2009: {Gesture} in Embodied Communication and Human"=Computer Interaction},
  DATE = {2010},
  PAGES = {47--60},
  TITLE = {On Factoring Out a Gesture Typology from the {Bielefeld Speech-Gesture-Alignment Corpus}},
}

@INCOLLECTION{Rieser:2011,
  AUTHOR = {Rieser, Hannes},
  EDITOR = {Hölker, Klaus and Marello, Carla},
  LOCATION = {Berlin},
  PUBLISHER = {LIT Verlag},
  BOOKTITLE = {Dimensionen der {Analyse} von {Texten} und {Diskursen}. {Festschrift} für {J\'{a}nos S\'{a}ndor Pet\"{o}fi}},
  DATE = {2011},
  PAGES = {231--246},
  TITLE = {How to Disagree on a Church Window's Shape Using Gesture},
}

@INPROCEEDINGS{Rieser:2015,
  AUTHOR = {Rieser, Hannes},
  EDITOR = {Howes, Christine and Larsson, Staffan},
  LOCATION = {Gothenburg, Sweden},
  BOOKTITLE = {Proceedings of the 19th Workshop on the Semantics and Pragmatics of Dialogue},
  DATE = {2015},
  PAGES = {122--130},
  SERIES = {SemDial 2015: goDIAL},
  TITLE = {When Hands Talk to Mouth. {Gesture} and Speech as Autonomous Communicating Processes},
}

@INPROCEEDINGS{Rieser:Poesio:2009,
  AUTHOR = {Rieser, Hannes and Poesio, Massimo},
  LOCATION = {Queen Mary University of London},
  BOOKTITLE = {Proceedings of the 10th Annual Meeting of the Special Interest Group in Discourse and Dialogue},
  DATE = {2009},
  PAGES = {87--96},
  SERIES = {SIGDIAL 2009},
  TITLE = {Interactive Gestures in Dialogue: {A} {PTT} Model},
}

@INCOLLECTION{de:Ruiter:2000,
  AUTHOR = {\SortNoop{Ruiter}de Ruiter, Jan Peter},
  EDITOR = {McNeill, David},
  LOCATION = {Cambridge, UK},
  PUBLISHER = {Cambridge University Press},
  BOOKTITLE = {Language and Gesture},
  CHAPTER = {14},
  DATE = {2000},
  PAGES = {284--311},
  TITLE = {The Production of Gesture and Speech},
}

@INPROCEEDINGS{de:Ruiter:2004,
  AUTHOR =	 {\SortNoop{Ruiter}de Ruiter, Jan Peter},
  LOCATION =	 {Lisbon, Portugal},
  BOOKTITLE =	 {Proceedings of the Fourth International Conference
                  on Language Resources and Evaluation and the
                  Workshop on Multimodal Corpora: {Models} of Human
                  Behaviour for the Specification and Evaluation of
                  Multimodal Input and Output Interfaces},
  SERIES =	 {LREC 2004},
  DATE =	 {2004},
  EDITOR =	 {Martin, Jean-Claude and Den, Elisabeth and Kühnlein,
                  Peter and Boves, Lou and Paggio, Patrizia and
                  Catizone, Roberta},
  PAGES =	 {38--41},
  TITLE =	 {On the Primacy of Language in Multimodal
                  Communication},
}

@ARTICLE{de:Ruiter:2007:a,
  AUTHOR = {\SortNoop{Ruiter}de Ruiter, Jan Peter},
  DATE = {2007},
  JOURNALTITLE = {Gesture},
  NUMBER = {1},
  PAGES = {21--38},
  TITLE = {Postcards from the Mind: {The} Relationship between Speech, Imagistic Gesture, and Thought},
  VOLUME = {7},
}

@ARTICLE{Schlenker:2014,
  AUTHOR =	 {Schlenker, Philippe},
  DATE =	 {2014},
  DOI =		 {10.1007/s11050-014-9106-4},
  JOURNALTITLE = {Natural Language Semantics},
  PAGES =	 {299--356},
  TITLE =	 {Iconic Features},
  VOLUME =	 {22},
  NUMBER =	 {4}
}

@ARTICLE{Schlenker:2018,
  AUTHOR = {Schlenker, Philippe},
  DATE = {2018},
  DOI = {10.1007/s10988-017-9225-8},
  JOURNALTITLE = {Linguistics and Philosophy},
  NUMBER = {3},
  PAGES = {295--365},
  TITLE = {Gesture projection and cosuppositions},
  VOLUME = {41},
}

@ARTICLE{Schlenker:Lamberton:Santoro:2013,
  AUTHOR = {Schlenker, Philippe and Lamberton, Jonathan and Santoro, Mirko},
  DATE = {2013},
  DOI = {10.1007/s10988-013-9129-1},
  JOURNALTITLE = {Linguistics and Philosophy},
  NUMBER = {2},
  PAGES = {91--149},
  TITLE = {Iconic Variables},
  VOLUME = {36},
}

@INCOLLECTION{Slama-Cazacu:1976,
  AUTHOR = {Slama-Cazacu, Tatiana},
  EDITOR = {McCormick, William C. and Wurm, Stephan A.},
  LOCATION = {The Hague and Paris},
  PUBLISHER = {Mouton},
  BOOKTITLE = {Language and Man. {Anthropological} Issues},
  DATE = {1976},
  PAGES = {217--227},
  SERIES = {World Anthropology},
  TITLE = {Nonverbal Components in Message Sequence: \enquote{Mixed Syntax}},
}

@ARTICLE{van:der:Sluis:Krahmer:2007,
  AUTHOR = {\SortNoop{Sluis}van der Sluis, Ielka and Krahmer, Emiel},
  EDITOR = {Piwek, Paul and Kühnlein, Peter},
  DATE = {2007},
  DOI = {10.1080/01638530701600755},
  JOURNALTITLE = {Discourse Processes},
  NOTE = {Special Issue: Dialogue Modelling: Computational and Empirical Approaches},
  NUMBER = {3},
  PAGES = {145--174},
  TITLE = {Generating Multimodal References},
  VOLUME = {44},
}

@ARTICLE{Sonesson:1998,
  AUTHOR = {Sonesson, Göran},
  DATE = {1998},
  JOURNALTITLE = {Visio},
  NUMBER = {1},
  PAGES = {33--54},
  TITLE = {That There Are Many Kinds of Iconic Signs},
  VOLUME = {1},
}

@BOOK{Sowa:2006:a,
  AUTHOR = {Sowa, Timo},
  LOCATION = {Berlin},
  PUBLISHER = {Akademische Verlagsgesellschaft},
  DATE = {2006},
  NOTE = {Zugl. Diss. Univ. Bielefeld},
  TITLE = {Understanding Coverbal Iconic Gestures in Shape Descriptions},
}

@ARTICLE{Steels:1995,
  AUTHOR =	 {Steels, Luc},
  DATE =	 {1995},
  JOURNALTITLE = {Artificial Life},
  PAGES =	 {319--332},
  TITLE =	 {A Self-Organizing Spatial Vocabulary},
  VOLUME =	 {2},
  NUMBER =	 {3}
}

@ARTICLE{Streeck:2008,
  AUTHOR = {Streeck, Jürgen},
  DATE = {2008},
  DOI = {10.1075/gest.8.3.02str},
  JOURNALTITLE = {Gesture},
  NUMBER = {3},
  PAGES = {285--301},
  TITLE = {Depicting by Gesture},
  VOLUME = {8},
}

@ARTICLE{Tuite:1993,
  AUTHOR = {Tuite, Kevin},
  DATE = {1993},
  JOURNALTITLE = {Semiotica},
  NUMBER = {1/2},
  PAGES = {83--105},
  TITLE = {The Production of Gesture},
  VOLUME = {93},
}

@ARTICLE{Wagner:Malisz:Kopp:2014,
  AUTHOR = {Wagner, Petra and Malisz, Zofia and Kopp, Stefan},
  DATE = {2014},
  DOI = {10.1016/j.specom.2013.09.008},
  JOURNALTITLE = {Speech Communication},
  PAGES = {209--232},
  TITLE = {Gesture and Speech in Interaction: {An} Overview},
  VOLUME = {57},
}

@INCOLLECTION{Wilkins:2003,
  AUTHOR = {Wilkins, David},
  EDITOR = {Kita, Sotaro},
  LOCATION = {Mahwah, New Jersey},
  PUBLISHER = {Lawrence Erlbaum Associates, Inc.},
  BOOKTITLE = {Pointing: {Where} Language, Culture, and Cognition Meet},
  CHAPTER = {8},
  DATE = {2003},
  PAGES = {171--215},
  TITLE = {Why Pointing With the Index Finger Is Not a Universal (in Sociocultural and Semiotic Terms)},
}

@INCOLLECTION{Wiltshire:2007,
  AUTHOR = {Wiltshire, Anne},
  EDITOR = {Loughnane, Robyn and Williams, Cara Penry and Verhoeven, Jana},
  LOCATION = {Melbourne},
  PUBLISHER = {School of Languages and Linguistics, The University of Melbourne},
  BOOKTITLE = {In Between Wor(l)ds: {Transformation} and Translation},
  DATE = {2007},
  PAGES = {235--253},
  SERIES = {Postgraduate Research Papers on Language and Literature},
  TITLE = {Synchrony as the underlying structure of gesture: {The} relationship between speech sound and body movement at the micro level},
  VOLUME = {6},
}

@ARTICLE{Wu:Coulson:2005,
  AUTHOR = {Wu, Ying Choon and Coulson, Seanna},
  DATE = {2005},
  JOURNALTITLE = {Psychophysiology},
  NUMBER = {6},
  PAGES = {654--667},
  TITLE = {Meaningful gestures: electrophysiological indices of iconic gesture comprehension},
  VOLUME = {42},
}

@COMMENT{'SortNoop' can be replaced by 'sortname' in biblatex/biber}
@COMMENT{keywords={own, conference, bookchapter, article, workshop, editor, report, talk, fun}}
