@misc{Flickinger:15Slides2,
author = {Flickinger, Dan},
title = {Multi-word Expressions in {HPSG}},
year = 2015,
note = {Slides to a course at the 1st Parseme Training School, Prague, January 2015},
url = {https://ufal.mff.cuni.cz/events/parseme-1st-training-school},
urldate = {2018-08-14}
}

@techreport{Villavicencio:Copestake:02,
 author = {Villavicencio, Aline and Ann Copestake},
 title = {On the Nature of Idioms},
 series = {LinGO Working Paper},
 number = {2002-04},
 year = 2002,
 address = {Stanford, CA},
 url = {http://lingo.stanford.edu/working-papers.html},
 urldate = {2019-09-02}
}


@article{Ernst:81,
	author = {Ernst, Thomas},
	title = {Grist for the Linguistic Mill: {I}dioms and `Extra'
		  Adjectives},
	journal = {Journal of Linguistic Research},
	volume = 1,
	number = 3,
	year = 1981,
	pages = {51-68}
	}

@article{McCawley:81,
  author = {McCawley, James D.},
  title = {The Syntax and Semantics of {E}nglish Relative Clauses},	  
  journal = {Lingua},
  volume = 53,
  issue = {2--3},
  year = 1981,
  pages = {99--149}
}

@InCollection{Pulman:93,
  author = 	 {Pulman, Stephen G.},
  title = 	 {The Recognition and Interpretation of Idioms},
  booktitle = 	 {Idioms: {P}rocessing, Structure, and Interpretation},
  pages = 	 {249--270},
  publisher = {Lawrence Erlbaum Associates},
  address = {Hillsdale, NJ},
  year = 	 {1993},
  editor = 	 {Cristina Cacciari and Patrizia Tabossi},
  optchapter = 	 {11},
  optnote = {http://www.questia.com/PM.qst?a=o&d=26013501}
}




@inproceedings{Bond:al:15,
 	address      = "Stanford, CA",
 	author       = "Bond, Francis and Ho, Jia Qian and Flickinger, Dan",
	opttbooktitle    = "Proceedings of the 22nd International Conference on {H}ead-{D}riven {P}hrase {S}tructure {Gr}ammar",
 	optbooktitle    = "Proceedings of the 22nd International Conference on {H}ead-{D}riven {P}hrase {S}tructure {G}rammar, {N}anyang {T}echnological {U}niversity ({NTU}), {S}ingapore",
 	opteditor       = "Stefan M{\"u}ller",
 	pages        = "61--74",
 	optpublisher    = "CSLI Publications",
 	title        = "Feeling our way to an analysis of English possessed idioms",
 	url          = "http://cslipublications.stanford.edu/HPSG/2015/bhf.pdf",
 	optyear         = "2015",
    urldate = {2018-07-25},
     crossref	= {Mueller2015a-ed},
} 

@article{Hoeksema:Sailer:12,
author = {Jack Hoeksema and Manfred Sailer}, 
year = 2012,
title = {Literal and Nonliteral Meaning in Placename Idioms},
journal = {Yearbook of Phraseology},
volume = 3,
pages = {127--142},
publisher = {De Gruyter}, 
address = {Berlin}
} 


@incollection{Sailer:12-removed-duplicate,
author = {Manfred Sailer},
title = {{Phraseologie und Syntax (Head-Driven Phrase Structure Grammar)}},
pages = {241--262},
editor = {Michael Prinz and Ulrike Richter-Vapaatalo},
booktitle = {{Idiome, Konstruktionen, "`verbl\"umte rede"'. Beitr\"age zur Geschichte der germanistischen Phraseologieforschung}},
series = {Beitr\"age zur Geschichte der Germanistik 3},
address = {Stuttgart},
publisher = {S.\@ Hirzel Verlag},
year = 2012
}

@incollection{Sailer:12,
author = {Manfred Sailer},
title = {{Phraseologie und Syntax (Head-Driven Phrase Structure Grammar)}},
pages = {241--262},
editor = {Michael Prinz and Ulrike Richter-Vapaatalo},
booktitle = {{Idiome, Konstruktionen, "`verbl\"umte rede"'. Beitr\"age zur Geschichte der germanistischen Phraseologieforschung}},
series = {Beitr\"age zur Geschichte der Germanistik},
volume =  3,
address = {Stuttgart},
publisher = {S.\@ Hirzel Verlag},
year = 2012
}

@misc{vCraenenbroeck:al:16draft,
author = {Norber Corver and van Craenenbroeck, Jeroen and Will Harwood and Marko Hladnik and Sterre Leufkens and Tanja Temmerman},
title = {Idioms: Phrasehood and Compositionality},
note = {Manuscript, Leuven and Utrecht},
address = {Leuven and Utrecht},
year = 2016,
month = {December},
opturl = {static1.squarespace.com/static/5217e223e4b090faa01f8f2d/t/5860d682579fb36de66fa84b/1482741386255/paper-idioms-phases.pdf}
}


@incollection{Abeille:95,
	author = {Anne Abeill\'e},
	title = {The Flexibility of {F}rench Idioms: A Representation
		  with {Lexical MTree Adjoining Grammar}},
	pages = {15--42},
        booktitle = {Idioms. Structural and Psychological
		  Perspectives},
	editor = {Martin Everaert and
		  Linden, Eric-Jan van der and
		  Andr\'e Schenk and
		  Ron Schreuder
		  },
	publisher = {Lawrence Erlbaum Associates, Hillsdale},
	year = 1995}
	
@phdthesis{Richter:04,
  author	= {Richter, Frank},
  title		= {A Mathematical Formalism for Linguistic Theories with an Application in {H}ead-{D}riven {P}hrase {S}tructure {G}rammar},
  type		= {Phil.\ Dissertation (2000)},
  school	= {Universit{\"a}t T{\"u}bingen},
  year		= {2004},
  optnote = {w210.ub.uni-tuebingen.de/dbt/volltexte/2004/1203/},
  optURL		= {www.sfs.uni-tuebingen.de/hpsg/archive/bibliography/papers/richter\_dissertation.ps},
  opturlzip	= {www.sfs.uni-tuebingen.de/hpsg/archive/bibliography/papers/richter_dissertation.ps.gz},
  pdf		= {www.sfs.uni-tuebingen.de/hpsg/archive/bibliography/papers/richter_dissertation.pdf},
  url	= {www.sfs.uni-tuebingen.de/~fr/cards/dissertation.html},
  urldate = {2018-07-25},
  homepage	= {www.sfs.uni-tuebingen.de/~fr/},
}	  
		
@incollection{Lichte:Kallmeyer:16,
author = {Timm Lichte and Laura Kallmeyer},
title = {Same Syntax, Different Semantics: {A} Compositional Approach to Idiomaticity in Multi-word Expressions},
editor = {Christopher Pi{\~n}\' on},
booktitle = {Empirical Issues in Syntax and Semantics},
volume = 11,
url = {http://www.cssp.cnrs.fr/eiss11/},
year = {2016},
pages = {111--140},
address = {Paris},
publisher = {CSSP}
}
    
@incollection{Baldwin:Kim:10,
author = {Baldwin, Timothy and Kim, Su Nam},
year = 2010,
title = {Multiword Expressions}, 
editor = {Nitin Indurkhya and Damerau,  Fred J.},
booktitle = {Handbook of Natural Language Processing}, 
edition= 2,
publisher = {CRC Press}, 
address = {Boca Raton}, 
pages = {267--292}
}

@book{Burger:98,
      author = {Harald Burger},
      title = {{Phraseologie: Eine Einf\"uhrung am Beispiel des Deutschen}},
      publisher = {Erich Schmidt Verlag}, 
      address = {Berlin},
      year = 1998
}	


@incollection{Bargmann:Sailer:18,
	optyear={2018},
	author={Sascha Bargmann  and  Manfred Sailer},
	title={The syntactic flexibility of semantically non-decomposable idioms},
	optbooktitle={Multiword expressions: {{I}}nsights from a multi-lingual perspective},
	opteditor={Manfred Sailer  and  Stella Markantonatou},
	optpublisher={Language Science Press},
	optAddress={Berlin},
    crossref={Sailer:Markantonatou:18},
	pages={1--29},
    opturldate       = {2018-04-19},
	doi={10.5281/zenodo.1182587},
	}


@incollection{Laporte:18,
	optyear={2018},
	author={Éric Laporte},
	title={Choosing Features for Classifying Multiword Expressions},
	optbooktitle={Multiword expressions: {{I}}nsights from a multi-lingual perspective},
	opteditor={Manfred Sailer  and  Stella Markantonatou},
	optpublisher={Language Science Press},
	optAddress={Berlin},
    crossref={Sailer:Markantonatou:18},
	pages={143–186},
    urldate       = {2018-07-26},
	doi={DOI:10.5281/zenodo.1182597},
	}

@inproceedings{Findlay:17,
author = {Findlay, Jamie Y.},
title = {Multiword Expressions and Lexicalism},
editor = {Miriam Butt and Tracy Holloway King},
booktitle = {Proceedings of the {LFG’17 Conference}}, 
pages = {209--229},
address = {Stanford, CA},
publisher = {CSLI Publications},
url = {http://web.stanford.edu/group/cslipublications/cslipublications/LFG/LFG-2017/lfg2017-findlay.pdf},
urldate = {2018-06-22},
year = 2017
}

@book{Sailer:Markantonatou:18,
editor = {Sailer, Manfred and Stella Markantonatou},
booktitle = {Multiword Expressions: {I}nsights from a Multi-lingual Perspective},
series = {Phraseology and Multiword Expressions},
number = 1,
publisher = {Language Science Press},
address = {Berlin},
year = 2018,
optdoi = {10.5281/zenodo.1182583},
opturl = {http://langsci-press.org/catalog/book/184}
}

@incollection{Sailer:18SemComp,
author = {Sailer, Manfred},
title = {Idioms: {Pull} Strings, Spill the Beans, and Kick the Bucket},
editor = {Daniel Gutzmann and Lisa Matthewson and C\'ecile Meyer and Hotze Rullmann and Zimmermann, Thomas E.},
booktitle = {The Companion to Semantics},
publisher = {Wiley-Blackwell},
address = {Hoboken, New Jersey},
note = {to appear},
optpages = {??},
year = 2018
}

@book{Abel:03,
author = {Abel, Beate},
title = {{Sprecherurteile zur Dekomponierbarkeit englischer Idiome : Entwicklung eines Modells der lexikalischen und konzeptuellen Repräsentation von Idiomen bei Muttersprachlern und Nichtmuttersprachlern}},
publisher = {Niemeyer},
address = {T\"ubingen},
series = {Linguistische Arbeiten},
number = 471,
year = 2003
}	

@article{Rabanus:al:08,
author = {Rabanus, Stefan and  Smolke, Eva and Streb, Judith and Rösler, Frank},
year = 2008, 
title = {{Die mentale Verarbeitung von Verben in idiomatischen  Konstruktionen}},
journal = {Zeitschrift für Germanistische Linguistik ZGL},
volume = 36,
pages = {27--47},
doi = {10.1515/ZGL.2008.003},
opturl = {http://ling.uni-konstanz.de/pages/neuroling/publications/ZGL_08.pdf},
opturldate = {2018-07-25}
}

@incollection{Gibbs:Colston:07,
author = {Gibbs, Raymond W. Jr. and Colston, Herbert L.},
title = {Psycholinguistic Aspects of Phraseology: {T}he {A}merican Tradition},
pages = {819--836},
year = 2007,
booktitle = 	 {Phraseologie/Phraseology},
  OPTcrossref =  {},
  OPTkey = 	 {},
  publisher = {De Gruyter},
  editor = 	 {Harald Burger and Dmitrij Dobrovol'skij and Peter K\"uhn
                 and Norrick, Neal R.},
  volume = 	 {2},
  OPTnumber = 	 {},
  series = 	 {{Ein internationales Handbuch der zeitgen\"ossischen Forschung}/An International Handbook of Contemporary Research},
  OPTtype = 	 {},
  optchapter = 	 {69},
  address = 	 {Berlin},
}

@book{Glucksberg:01,
author = {Glucksberg, Sam},
year = 2001,
title = {Understanding Figurative Language: {F}rom Metaphors to Idioms},
series = {Oxford Psychology Series},
number = 36,
address = {Oxford},
publisher = {Oxford University Press}
}

@inproceedings{Trawinski:al:08lrec,
author = {Beata Trawi\'nski and Jan-Philipp Soehn and Manfred Sailer 
and Frank Richter and Lothar Lemnitzer},
title = {Cranberry Expressions in {E}nglish and in {G}erman},
editor = {Nicole Gr\'egoire and Stefan Evert and  Brigitte Krenn},
booktitle = {Proceedings of the {LREC} Workshop
Towards a Shared Task for
Multiword Expressions ({MWE} 2008)},
pages = {35--38},
address = {Marrakech, Morokko},
year = 2008
}

@misc{Weinreich:69,
  author = {Uriel Weinreich},
  title = {Problems in the analysis of idioms},
  pages = {208--264},
  optcrossref = {Weinreich:80},
  opthowpublished = {In \cite{Weinreich:80}},
  note = {Reprinted in \cite{Weinreich:80}, 208--264},
  year = 1969}

@book{Weinreich:80,
  author = {Uriel Weinreich},
  editor = {William Labov and Weinreich, Beatrice S.},
  title = {On Semantics},
  publisher = {University of Pennsylvania Press},
  address = {Philadelphia},
  year = 1980}

@book{Weinreich:80-duplicate,
  author = {Uriel Weinreich},
  opteditor = {William Labov and Weinreich, Beatrice S.},
  title = {On Semantics},
  publisher = {University of Pennsylvania Press},
  address = {Philadelphia},
  year = 1980}

@article{Fraser:70,
	author = {Bruce Fraser},
	title = {Idioms within a Transformational Grammar},
	pages = {22--42},
	journal = {Foundations of Language},
	volume = 6,
	number = 1,
	year = 1970
		  }
		  
       
@article{Gross:82,
	author = {Gross, Maurice},
	title = {Une classification des phrases ``fig\'ees'' du
		  fran\c{c}ais},
	journal = {Revue Qu\'ebecoise de Linguistique},
	volume = 11,
	number = 2,
	year = 1982,
	doi = {10.7202/602492ar},
        pages = {151--185}
	}	
       
          
 @article{Horn:03,
author = {Horn, George M.},
title = {Idioms, Metaphors and Syntactic Mobility},
journal = {Journal of Linguistics},
volume = 39,
number = 2,
year = 2003,
pages = {245--273}
}
         
		  
@incollection{Schenk:95,
	author = {Andr\'e Schenk},
	title = {The Syntactic Behavior of Idioms},
	pages = {253--271},
    crossref = {EvdLSS95a-ed},
        optbooktitle = {Idioms. Structural and Psychological
		  Perspectives},
	opteditor = {Martin Everaert and
		  Linden, Eric-Jan van der and
		  Andr\'e Schenk and
		  Ron Schreuder
		  },
	optpublisher = {Lawrence Erlbaum Associates}, 
    optaddress = {Hillsdale},
	optyear = 1995
    }

@incollection{Ruwet:91,
  author = {Nicolas Ruwet},
  title = {On the Use and Abuse of Idioms in Syntactic Argumentation},
  pages = {171--251},
  opteditor = {Nicolar Ruwet},
  booktitle = {Syntax and Human Experience},
  note = {Edited and translated by John Goldsmith},
  publisher = {University of Chicago Press},
  address = {Chicago},
  year = 1991
  }

@article{Burger:76,
author = {Burger, Harald},
year = 1976,
title = {{{\it Die Achseln zucken}: {Z}ur sprachlichen
Kodierung nicht-sprachlicher Kommunikation}},
journal = {Wirkendes Wort},
volume =  26,
pages = {311--339}
}

@book{Chomsky:65,
  author = {Noam Chomsky},
  title = {Aspects of the Theory of Syntax},
  publisher = {MIT Press}, 
  address = {Cambridge, MA},
  year = 1965}

@article{Newmeyer:74,
author = {Newmeyer, Frederick J.},
title = {The Regularity of Idiom Behavior},
journal = {Lingua},
volume = 34,
number = 4,
pages = {327--342},
year = 1974
}

@unpublished{Higgins:74,
author = {Higgins, Francis Roger},
title = {On the Use of Idioms as Evidence for Movement. {A} Cautionary Note},
address = {Amherst, MA},
note = {Unpublished manuscript of a talk given at LSA 1974, New York},
year = 1974
}

@incollection{Everaert:10,
author = {Martin Everaert},
title = {The Lexical Encoding of Idioms},
booktitle = {Lexical Semantics, Syntax, and Event Structure},
editor = {Rappaport Hovav, Malka and Doron, Edit and  Sichel, Ivy},
publisher = {Oxford University Press},
address = {Oxford},
series = {Oxford Studies in Theoretical Linguistics},
number = 27,
pages = {76--97},
year = 2010
}

@article{Gibbs:al:89,
author = {Gibbs, Raymond W. and Nayak, Nandini P. and
Bolton, John L. and Keppel, Melissa E.},
title = {Speakers' Assumptions about
the Lexical Flexibility of Idioms},
pages = {58--68},
journal = {Memory and Cognition},
year = 1989,
volume = 17,
number = 1
}




@inproceedings{Richter:Sailer:09,
author = {Frank Richter and Manfred Sailer},
title = {Phraseological Clauses in Constructional {HPSG}},
editor = {Stefan M\"uller},
booktitle = {Proceedings of the 16th {I}nternational {C}onference on {H}ead-{D}riven
{P}hrase {S}tructure {G}rammar, {G}\"ottingen 2009},
publisher = {CSLI Publications},
address = {Stanford, CA},
year = 2009,
pages = {297--317},
url = {cslipublications.stanford.edu/HPSG/2009/richter-sailer.pdf}
}

@incollection{Richter:Sailer:14,
author = {Frank Richter and Manfred Sailer},
year = 2014,
title = {{Idiome mit phraseologisierten Teils\"atzen: Eine Fallstudie zur Formalisierung von Konstruktionen im Rahmen der HPSG}}, 
editor = {Alexander Lasch and Alexander Ziem},
booktitle = {{Grammatik als Netzwerk von Konstruktionen}},
address = {Berlin},
publisher = {De Gruyter},
pages = {291--312}
} 

@misc{Soehn:09,
author = {Jan-Philipp Soehn},
title = {Lexical Licensing in Formal Grammar},
note = {Online publication. Universit\"at T\"ubingen},
address = {Universit\"at T\"ubingen},
year = 2009,
url = {http://nbn-resolving.de/urn:nbn:de:bsz:21-opus-42035},
urldate = {2018-08-15}
}

@inproceedings{richter-soehn:2006,
  author    = {Richter, Frank and Soehn, Jan-Philipp},
  title     = {\emph{Braucht niemanden zu scheren}: A Survey of {NPI} Licensing in {G}erman},
  booktitle = {Proceedings of the 13th {I}nternational {C}onference on {H}ead-{D}riven {P}hrase {S}tructure {G}rammar, {V}arna},
  editor    = {Stefan M\"{u}ller},
  OPTissn   = {15351793},
  url       = {http://cslipublications.stanford.edu/HPSG/2006/richter-soehn.pdf},
  pages     = {421--440},
  year      = {2006},
}


@article{Swinney:Cutler:79,
author = {Swinney, David A. and  Anne Cutler},
year =  1979,
title = {The Access and Processing of Idiomatic Expressions},
journal = {Journal of Verbal Learning and Verbal Behavior},
volume =  18,
number = 3,
pages = {523--534}
}

@article{Richards:01,
author = {Norvin Richards},
title = {An Idiomatic Argument for Lexical Decomposition},
journal = {Linguistic Inquiry},
volume = {32},
number = 1,
pages = {183--192},
year = 2001
}

@article{Mateu:Espinal:07,
author = {Jaume Mateu and Teresa Espinal},
title = {Argument Structure and Compositionality in idiomatic Constructions},
journal = {The Linguistic Review},
volume = 24,
number = 1,
pages = {33--59},
year = 2007,
doi = {https://doi-org.proxy.ub.uni-frankfurt.de/10.1515/TLR.2007.002}
}

@techreport{Ho:15,
author = {Ho,  Jia Qian},
year = 2015,
title = {Losing One's Mind Over Meaning: Analysing the Behaviour of {E}nglish Possessive Idioms},
optnote = {Final Year Project},
institution = {Linguistics and Multilingual Studies, Nanyang Technological University, Singapore},
url = {http://compling.hss.ntu.edu.sg/pdf/2015-fyp-ho-jia-qian.pdf},
urldate = {2019-09-03}
}


@misc{Almog:12,
author = {Lior Almog},
title = {The Formation of Idioms:
{E}vidence from Possessive Datives in
{H}ebrew},
year = 2012,
note = {MA thesis, Tel Aviv University},
url = {http://humanities1.tau.ac.il/linguistics_eng/images/stories/Lior_Ordentlich_MA_2012.pdf},
urldate = {2018-10-13}
}

@book{Dobrovolskij:Piirainen:05, 
 author = {Dmitrij Dobrovol'skij and Elisabeth Piirainen}, 
 title = {Figurative Language: {C}ross-cultural and Cross-linguistic Perspectives},
 series = {Current Research in the Semantics/Pragmatics Interface},
 number = 13, 
 publisher = {Elsevier},
 address = {Amsterdam},
 year = 2005
 }
 
 @article{Akmajian:84,
  author = {Adrian Akmajian},
  title = {Sentence Types and the Form-Function Fit},
  pages = {1--23},
  volume = 2,
  number = 1,
  year = 1984,
  journal = {NLLT}
  }

@inproceedings{Lambrecht:90,
  author = {Knud Lambrecht},
  title = {``{What}, me worry?'' --- `{Mad Magazine} sentences' revisited},
  pages = {215--228},
  booktitle = {Proceedings of the 16th {Annual Meeting of the 
       Berkeley Linguistics Society}},
  publisher = {Berkley Linguistics Society}, 
address = {Berkeley, CA},
  year = 1990
}

@incollection{Borsley:04,
author = {Borsley, Robert D.},
title = {An Approach to {E}nglish Comparative Correlatives},
booktitle = {Proceedings of the {HPSG}-2004 Conference, Center for Computational Linguistics, Katholieke Universiteit Leuven},
editor = {Stefan M\"uller},
publisher = {CSLI Publications},
address = {Stanford, CA},
url = {cslipublications.stanford.edu/HPSG/5/},
note = {\texttt{cslipublications.stanford.edu/HPSG/5/}},
year = {2004},
pages = {70--92}
}

@inproceedings{Sheinfux:al:15,
author ={Herzig Sheinfux, Livnat and Arad Greshler, Tali and Melnik, Nurit  and Wintner, Shuly}, year = 2015,
title = {{H}ebrew Verbal Multi-Word Expression},
editor = {Stefan M\"uller},
booktitle = {Proceedings of the 22nd {I}nternational {C}onference on {H}ead-{D}riven {P}hrase {S}tructure {G}rammar},
address = {Stanford, CA},
publisher = {CSLI Publications},
pages = {122--135},
url = {https://web.stanford.edu/group/cslipublications/cslipublications/HPSG/2015/hamw.pdf}
}

@misc{Samaridi:Markantonatou:14,
author = {Samaridi, Niki and Stella Markantonatou},
year = 2014,
title = {Parsing {M}odern {G}reek Verb {MWE}s with {LFG/XLE} Grammars},
note = {The {10th Workshop on Multiword Expressions} ({MWE} 2014), Workshop at {EACL} 2014 ({G}othenburg, {S}weden), {A}pril 26--27, 2014}
}  

@article{Samvelian:Faghiri:14,
author = {Pollet Samvelian and Pegah Faghiri},
title = {{P}ersian Complex Predicates: {H}ow
Compositional Are They?},
pages = {43--74},
journal = {Syntax-Semantics Interface},
volume = 1,
number = 1,
year = 2014
}	

@inproceedings{Samvelian:Faghiri:16,
author = {Pollet Samvelian and Pegah Faghiri},
year = 2016, 
title = {Re-thinking Compositionality in {P}ersian Complex Predicates},
booktitle = {{P}roceedings of {B}erkeley {L}inguistic {S}ociety 39th Annual Meeting, {F}ebruary 16-17 2013},
pages = {212--227},
address = {Berkeley},
publisher = {Berkeley Linguistics Society}
}


@incollection{Sheinfux:al:19,
author = {Sheinfux, Livnat Herzig and Greshler, Tali Arad and Melnik, Nurit  and Wintner, Shuly},
title = {Verbal {MWE}s: {I}diomaticity and Flexibility},
editor = {Yannick Parmentier and Jakub Waszczuk},
booktitle = {Representation and Parsing of Multiword Expressions: {C}urrent trends},
series  = {Phraseology and Multiword Expressions},
number = 2,
publisher = {Language Science Press},
address = {Berlin},
year = 2019,
pages = {35--68}
}


@misc{Markantonatou:Sailer:16,
author = {Stella Markantonatou and Manfred Sailer},
title = {Affectees in {MWE}s: {G}erman and {M}odern {G}reek},
note = {Poster presented at  {PARSEME}'s 6th general meeting in {S}truga},
url = {https://typo.uni-konstanz.de/parseme/images/Meeting/2016-04-07-Struga-meeting/WG1-MARKANTONATOU-SAILER-poster-1.pdf},
urldate = {2018-10-14},
year = 2016
}

@incollection{Haspelmath:99,
author = {Martin Haspelmath},
title = {External Possession in a {E}uropean Areal Perspective},
pages = {109--135},
booktitle = {External Possession},
editor = {Payne, Doris L. and Immanuel Barshi},
publisher = {Benjamins},
address = {Amsterdam},
year = 1999
}

@incollection{Lodrup:09,
author = {Helge L{\o}drup},
title = {Looking Possessor Raising in the Mouth:  {N}orwegian Possessor Raising with Unergatives},
booktitle = {Proceedings of the {LFG}09 Conference},
year = 2009,
editor = {Miriam Butt and Holloway King, Tracy},
pages = {420--440},
address = {Stanford, CA},
publisher = {CSLI Publications},
url = {http://web.stanford.edu/group/cslipublications/cslipublications/LFG/14/papers/lfg09lodrup.pdf},
urldate = {2018-10-15}
}

@incollection{Kuiper:18,
	year={2018},
	author={Koenraad Kuiper},
	title={Multiword Expressions and the {{L}}aw of {{E}}xception},
	booktitle={Multiword expressions: {{I}}nsights from a multi-lingual perspective},
	editor={Manfred Sailer  and  Stella Markantonatou},
	publisher={Language Science Press},
	series = {Phraseology and Multiword Expressions},
	number = 1,
	Address={Berlin},
	pages={121--141},
     urldate       = {2018-10-15},
	doi={10.5281/zenodo.1182595}
	}

@article{Horvath:Siloni:19,
author = {Horvath, Julia and Siloni, Tal},
title = {Idioms: {T}he Type-Sensitive Storage Model},
jounral = {Journal of Linguistics},
volume = 57,
number = 4,
pages = {853--891},
year = 2019,
doi = {https://doi.org/10.1515/ling-2019-0017}
}

@article{Corver:al:19,
author = {Corver, Norbert and van Craenenbroeck, Jeroen and Harwood, William and
Hladnik, Marko and Leufkens, Sterre and Temmermann, Tanja},
title = {Introduction: {T}he Compositionality and Syntactic Flexibilty of Verbal Idioms},
pages = {725--733},
journal = {Journal of Linguistics},
volume = 57,
number = 4,
doi = {https://doi.org/10.1515/ling-2019-0021},
year = 2019
}

@article{Fellbaum:19,
author = {Fellbaum, Christiane},
title = {How Flexible Are Idioms? {A} Corpus-based Study},
journal = {Journal of Linguistics},
volume = 57,
number = 4,
pages = {735--767},
year = 2019,
doi = {https://doi.org/10.1515/ling-2019-0015}
}

