@article{chavessubjexp,
	Author = {Rui P. Chaves},
	Journal = {Journal of Linguistics},
	Number = {2},
	Pages = {297--344},
	Title = {Conjunction, cumulation and {\it respectively} readings},
	Volume = {48},
	Year = {2012}}

@inproceedings(kohrt,
 author = {Annika Kohrt and Trey Sorensen and Dustin A. Chac{\'{o}}n},
 year = {2018},
 title = {The real-time status of semantic exceptions to the adjunct island constraint},
booktitle ={Proceedings of WECOL 2018: Western Conference on Linguistics})


@article{cresti1995extraction,
  title={Extraction and reconstruction},
  author={Cresti, Diana},
  journal={Natural Language Semantics},
  volume={3},
  number={1},
  pages={79--122},
  year={1995},
  publisher={Springer}
}


@inproceedings{saghof,
	Author = {Ivan A. Sag and Philip Hofmeister and Neal Snider},
	Booktitle = {Proceedings of the 43rd Annual Meeting of the Chicago Linguistic Society. Chicago: CLS},
	Title = {Processing complexity in subjacency violations: the complex noun phrase constraint},
	Year = {2007}}

@article{foxneg,
	Author = {Danny Fox and Martin Hackl},
	Journal = {Linguistics and Philosophy},
	Pages = {537--586},
	Title = {The universal density of measurement},
	Volume = {29},
	Year = {2006}}

@inproceedings{philcls,
	Author = {Philip Hofmeister},
	Booktitle = {Proceedings from the Annual Meeting of the Chicago Linguistics Society},
	Editor = {M. Elliott and J. Kirby and O. Sawada and E. Staraki and S. Yoon},
	Pages = {109--123},
	Title = {Retrievability and gradience in filler-gap dependencies},
	Volume = {43, 1},
	Year = {2007}}

@article{huck,
	Author = {Geoffrey J. Huck and Younghee Na},
	Journal = {Language},
	Pages = {51--77},
	Title = {Extraposition and focus},
	Volume = {66},
	Year = {1990}}

@inproceedings{arnon07,
	Author = {Inbal Arnon and Neal Snider and Philip Hofmeister and T. Florian Jaeger and Ivan Ivan Andrew Sag},
	Booktitle = {Proceedings of BLS 32},
	Title = {Cross-Linguistic Variation in a Processing Account: The Case of Multiple Wh-Questions},
	Year = {2007}}

@inproceedings{fukuda,
	Author = {Shin Fukuda and Chizuru Nakao and Akira Omaki and Maria Polinsky},
	Booktitle = {Proceedings of the 10th {Workshop on Altaic Formal Linguistics}},
	Note = {to appear},
	Publisher = {MIT Working Papers in Linguistics},
	Title = {Revisiting subject-object asymmetry: subextraction in {Japanese}},
	Year = {2018}}

@article{deane,
	Author = {Paul Deane},
	Journal = {Cognitive Linguistics},
	Number = {1},
	Pages = {1--63},
	Title = {Limits to Attention: A Cognitive Theory of Island Phenomena},
	Volume = {2},
	Year = {1991}}

@article{grosurrc,
	Author = {Alexander Grosu},
	Journal = {Language},
	Pages = {294--311},
	Title = {On the Status of the So-Called Right Roof Constraint},
	Volume = {49},
	Year = {1973}}

@phdthesis{shir,
	Author = {Nomi Erteschik-Shir},
	School = {Cambridge, MIT},
	Title = {On the Nature of Island Constraints},
	Type = {Doctoral Dissertation},
	Year = {1973}}

@book{postal98,
	Author = {Paul M. Postal},
	Publisher = {MIT: Cambridge, Massachusetts},
	Title = {Three investigations of extraction},
	Year = {1998}}

@inproceedings{KimSag2005,
	Address = {Stanford},
	Author = {Jong-Bok Kim and Ivan A. Sag},
	Booktitle = {Proceedings of the 12th International Conference on Head-Driven Phrase Structure Grammar, Department of Informatics, University of Lisbon},
	Editor = {Stefan MÃ¼ller},
	Pages = {192--212},
	Publisher = {CSLI Publications. http://cslipublications.stanford.edu/HPSG/6/},
	Title = {English Object Extraposition: A Constraint-Based Approach},
	Year = {2005}}

@book{cinque,
	Author = {Guglielmo Cinque},
	Publisher = {Cambridge, Mass.: MIT Press},
	Title = {Types of {$\overline{A}$}-Dependencies},
	Year = {1990}}

@article{delong,
	Author = {Katherine A. DeLong and Thomas P. Urbach and Marta Kutas},
	Journal = {Nature Neuroscience},
	Number = {8},
	Pages = {1117--1121},
	Title = {Probabilistic word pre-activation during language comprehension inferred from electrical brain activity},
	Volume = {8},
	Year = {2005}}

@incollection{cxsag07,
	Author = {Ivan A. Sag},
	Booktitle = {Sign-Based Construction Grammar},
	Editor = {Hans Boas and Ivan A. Sag},
	Pages = {69 -- 202},
	Publisher = {Stanford: CSLI Publications},
	Title = {Sign-Based Construction Grammar: An informal synopsis},
	Year = {2012}}

@incollection{gibson0000,
	Author = {Edward Gibson},
	Booktitle = {Image, language, brain},
	Editor = {Yasuhi Miyashita and Alec P. Marantz and Wayne O'Neil},
	Pages = {95--126},
	Publisher = {Cambridge, MA: MIT Press},
	Title = {The Dependency Locality Theory: a distance-based theory of linguistic complexity},
	Year = {2000}}

@unpublished{eady,
	Author = {Stephen J. Eady and Janet D. Fodor},
	Note = {Presented at the Linguistics Society of America Annual Meeting},
	Title = {Is center embedding a source of processing difficulty?},
	Year = {1981}}

@incollection{katzira,
	Author = {Asaf Bachrach and Roni Katzir},
	Booktitle = {InterPhases: Phase-Theoretic Investigations of Linguistic Interfaces},
	Editor = {Kleanthes K. Grohmann},
	Pages = {284 -- 316},
	Publisher = {Oxford University Press},
	Title = {Right-Node Raising and Delayed Spell-Out},
	Year = {2008}}

@inproceedings{Kandy09,
	Author = {Jason Kandybowicz},
	Booktitle = {Proceedings of CLS 42 (Volume 1: The Main Session)},
	Editor = {Jacqueline Bunting and Sapna Desai and Robert Peachey and Christopher Straughn and Zuzana Tomkov{\'{a}}},
	Pages = {103--115},
	Publisher = {Chicago: Chicago Linguistics Society},
	Title = {Comp-trace Effects and the Syntax--Phonology Interface},
	Year = {2009}}

@article{hofsaglang,
	Author = {Philip Hofmeister and Ivan A. Sag},
	Journal = {Language},
	Number = {2},
	Pages = {366--415},
	Title = {Cognitive Constraints and Island Effects},
	Volume = {86},
	Year = {2010}}

@inproceedings{sagser,
	Author = {Ivan A. Sag},
	Booktitle = {VII Congreso de Languajes Naturales y Lenguajes Formales. Barcelona},
	Editor = {Carlos Martin-Vide},
	Title = {Taking Performance Seriously},
	Year = {1992}}

@article{tabor97,
	Author = {Whitney Tabor and C Juliano and MK Tanenhaus},
	Journal = {Language and Cognitive Processes},
	Number = {12},
	Pages = {211--271},
	Title = {Parsing in a dynamical system: An attractor-based account of the interaction of lexical and structural constraints in sentence processing},
	Volume = {2--3},
	Year = {1997}}

@article{kemper86,
	Author = {Susan Kemper},
	Journal = {Applied Psycholinguistics},
	Pages = {277--288},
	Title = {Imitation of complex syntactic constructions by elderly adults},
	Volume = {7},
	Year = {1986}}

@inproceedings{Kandy06,
	Author = {Jason Kandybowicz},
	Booktitle = {Proceedings of the 25th West Coast Conference on Formal Linguistics},
	Editor = {Donald Baumer and David Montero and Michael Scanlon},
	Pages = {220--228},
	Publisher = {Somerville, MA: Cascadilla Press.},
	Title = {Comp-trace Effects Explained Away},
	Year = {2006}}

@article{roland12,
	Author = {Douglas Roland and Gail Mauner and Carolyn O'Meara and Hongoak Yun},
	Journal = {Journal of Memory and Language},
	Pages = {479 -- 508},
	Title = {Discourse expectations and relative clause processing},
	Volume = {66},
	Year = {2012}}

@article{staub,
	Author = {Adrian Staub and {Charles E. Jr.} Clifton},
	Journal = {Journal of Experimental Psychology: Learning, Memory, and Cognition},
	Number = {2},
	Pages = {425--436},
	Title = {Syntactic prediction in language comprehension: Evidence from {\it either... or}},
	Volume = {32},
	Year = {2006}}

@article{vanpetten,
	Author = {Cyma Van Petten and Marta Kutas},
	Journal = {Memory and Cognition},
	Pages = {95--112},
	Title = {Influences of semantic and syntactic context on open and closed class words},
	Volume = {19},
	Year = {1991}}

@misc{sagonline,
	Author = {Ivan A. Sag},
	Howpublished = {Jorge Hankamer Webfest},
	Note = {\texttt{\small http://ling.ucsc.edu/Jorge/sag.html}},
	Title = {Another argument against {\it wh}-trace},
	Year = {2000}}

@article{arai,
	Author = {Manabu Arai and Frank Keller},
	Journal = {Language and Cognitive Processes},
	Number = {28},
	Pages = {525--560},
	Title = {The use of verb-specific information for prediction in sentence processing},
	Volume = {4},
	Year = {2013}}

@article{ferreirasubj,
	Author = {Fernanda Ferreira},
	Journal = {Journal of Memory and Language},
	Number = {2},
	Pages = {210--233},
	Title = {Effects of length and syntactic complexity on initiation times for prepared utterances},
	Volume = {30},
	Year = {1991}}

@article{chavessubj,
	Author = {Rui P. Chaves},
	Journal = {Journal of Linguistics},
	Number = {49},
	Pages = {285--327},
	Title = {An expectation-based account of subject islands and parasitism},
	Volume = {2},
	Year = {2013}}

@unpublished{clausen,
	Author = {David R. Clausen},
	Note = {Unpublished manuscript. Stanford University},
	Title = {Processing Factors Influencing Acceptability in Extractions from Complex Subjects},
	Url = {http://www.davidclausen.org/papers/Clausen10SubjectIslands.pdf},
	Year = {2010},
	Bdsk-Url-1 = {http://www.davidclausen.org/papers/Clausen10SubjectIslands.pdf}}

@inproceedings{munn98atb,
	Author = {Alan Munn},
	Booktitle = {Proceedings of the 14th Eastern States Conference on Linguistics (ESCOL-97)},
	Editor = {Jennifer Austin and Aaron Lawson},
	Pages = {150--160},
	Publisher = {CSC Publications},
	Title = {{ATB} movement without identity},
	Year = {1998}}

@article{schmerling72,
	Author = {Susan Schmerling},
	Journal = {Studies in the Linguistic Sciences},
	Number = {1},
	Pages = {91--104},
	Title = {Apparent Counterexamples to the Coordinate Structure Constraint: A Canonical Constraint},
	Volume = {2},
	Year = {1972}}

@article{mccawley81,
	Author = {James D. McCawley},
	Journal = {Lingua},
	Pages = {99--149},
	Title = {The syntax and semantics of English relative clauses},
	Volume = {53},
	Year = {1981}}

@incollection{dubinsky2009,
	Author = {William D. Davies and Stanley Dubinsky},
	Booktitle = {Hypothesis A/Hypothesis B. Linguistic Explorations in Honor of David M. Perlmutter},
	Editor = {Donna B. Gerdts and John C. Moore and Maria Polinsky},
	Pages = {111--128},
	Publisher = {Cambridge, MA: MIT Press},
	Title = {On the Existence (and Distribution) of Sentential Subjects},
	Year = {2009}}

@incollection{valin86,
	Author = {{Robert} D. Jr. {Van Valin}},
	Booktitle = {Papers from the Parasession on Pragmatics and Grammatical Theory},
	Pages = {223 -- 233},
	Publisher = {CLS},
	Title = {Pragmatics, island phenomena, and linguistic competence},
	Volume = {22(2)},
	Year = {1986}}

@book{pesetskybook,
	Author = {David Pesetsky},
	Publisher = {Cambridge: MIT Press},
	Title = {Phrasal movement and its kin},
	Year = {2000}}

@incollection{Nishigauchi99,
	Address = {Oxford},
	Author = {Taisuke Nishigauchi},
	Editor = {Natsuko Tsujimura},
	Pages = {269--296},
	Publisher = {Blackwell},
	Title = {Quantification and \emph{wh}-Constructions},
	Year = {1999}}

@article{boling92,
	Author = {Dwight Bolinger},
	Journal = {Studies in Language},
	Pages = {265--324},
	Title = {The role of accent in extraposition and focus},
	Volume = {16},
	Year = {1992}}

@inproceedings{Vicente2016-NELS46,
	Author = {Luis Vicente},
	Booktitle = {Proceedings of NELS 46},
	Editor = {Christopher Hammerly and Brandon Pickett},
	Pages = {1--14},
	Title = {ATB extraction without coordination},
	Year = {2016}}

@inproceedings{jurkaetal,
	Author = {Johannes Jurka and Chizuru Nakao and Akira Omaki},
	Booktitle = {Proceedings of the 28th West Coast Conference on Formal Linguistics},
	Editor = {Mary Byram Washburn and Katherine McKinney-Bock and Erika Varis and Ann Sawyer and Barbara Tomaszewicz},
	Pages = {124 -- 132},
	Publisher = {Somerville, MA: Cascadilla Proceedings Project},
	Title = {It's not the end of the CED as we know It: revisiting German and Japanese subject islands},
	Year = {2011}}

@book{ken,
	Author = {{Ken-ichi} Takami},
	Publisher = {Berlin: Mouton de Gruyter},
	Title = {Preposition stranding: from syntactic to functional analyses},
	Year = {1992}}

@phdthesis{horn72,
	Author = {Laurence Horn},
	School = {University of California, LA},
	Title = {On the Semantic Properties of Logical Operators in English},
	Type = {PhD. Dissertation},
	Year = {1972}}

@unpublished{clausencuny,
	Author = {David R. Clausen},
	Note = {Poster presented at the 24th Annual CUNY Sentence Processing Conference, Stanford, CA},
	Title = {Informativity and Acceptability of Complex Subject Islands},
	Year = {2011}}

@article{devic,
	Author = {Marica {De Vicenzi} and Remo Job},
	Journal = {Journal of Psycholinguistic Research},
	Number = {2},
	Pages = {189--206},
	Title = {Some observations on the universality of the Late Closure strategy},
	Volume = {22},
	Year = {1993}}

@article{chung94,
	Author = {Sandra Chung},
	Journal = {Linguistic Inquiry},
	Pages = {1--44},
	Title = {Wh-agreement and `referentiality' in Chamorro},
	Volume = {25},
	Year = {1994}}

@article{altman99,
	Author = {Gerry T. M. Altmann and Yuki Kamide},
	Journal = {Cognition},
	Pages = {247-- 264},
	Title = {Incremental interpretation at verbs: Restricting the domain of subsequent reference},
	Volume = {73},
	Year = {1999}}

@article{Gueron:May:84,
	Author = {Jacqueline Gu\'eron and Robert May},
	Journal = {Linguistic Inquiry},
	Number = {1},
	Pages = {1--31},
	Title = {Extraposition and Logical Form},
	Volume = {15},
	Year = {1984}}

@book{lasniksaito,
	Author = {Howard Lasnik and Mamoru Saito},
	Publisher = {MIT Press},
	Title = {Move {$\alpha$}: {Conditions} on its application and output},
	Year = {1992}}

@book{gold06,
	Author = {Adele E. Goldberg},
	Publisher = {Oxford: Oxford University Press},
	Title = {Constructions at Work: the nature of generalization in Language},
	Year = {2006}}

@incollection{Cinque10,
	Author = {Guglielmo Cinque},
	Editor = {C. Jan-Wouter Zwart and Mark de Vries},
	Pages = {81--90},
	Publisher = {John Benjamins Publishing Company},
	Title = {Structure Preserved: Studies in syntax for Jan Koster},
	Year = {2010}}

@article{delahunty,
	Author = {Gerald P. Delahunty},
	Journal = {Linguistic Analysis},
	Pages = {379--398},
	Title = {But Sentential Subjects Do Exist},
	Volume = {12},
	Year = {1983}}

@article{chavesextr,
	Author = {Rui P. Chaves},
	Journal = {Natural Language and Linguistic Theory},
	Number = {2},
	Pages = {465--512},
	Title = {On the grammar of extraction and coordination},
	Volume = {30},
	Year = {2012}}

@article{engdahl,
	Author = {Elisabet Engdahl},
	Journal = {Linguistics and Philosophy},
	Pages = {3--34},
	Title = {Parasitic gaps},
	Volume = {6},
	Year = {1983}}

@inproceedings{Arnold:Linardaki:07,
	Address = {Tartu, Estonia},
	Author = {Doug Arnold and Evita Linardaki},
	Booktitle = {2nd International Workshop on Typed Feature Structure Grammars ({TFSG'07})},
	Editor = {Anders SÃ¸gaard and Petter Haugereid},
	Pages = {1-9},
	Publisher = {Center for Sprogteknologi, Kobenhavens Universitet, Working Papers, Report No. 8, ISN1600-339X},
	Title = {A Data-Oriented Parsing Model for {HPSG}},
	Url = {http://cst.dk/anders/publ/tfsg/proceedings07.pdf},
	Year = {2007},
	Bdsk-Url-1 = {http://cst.dk/anders/publ/tfsg/proceedings07.pdf}}

@incollection{colin_horn,
	Author = {Colin Phillips},
	Booktitle = {Experimental Syntax and islands effects},
	Editor = {Jon Sprouse and Norbert Hornstein},
	Pages = {64 -- 108},
	Publisher = {Cambridge: Cambridge University Press},
	Title = {On the Nature of Island Constraints. {I}: Language Processing and Reductionist Accounts},
	Year = {2013}}

@incollection{allwood,
	Author = {Jens Allwood},
	Booktitle = {University of Massachusetts Occasional Papers in Linguistics, Volume II},
	Editor = {Justine Stillings},
	Pages = {1--20},
	Publisher = {Amherst, MA: University of Massachusetts at Amherst},
	Title = {The complex NP constraint as a non-universal rule and some semantic factors influencing the acceptability of Swedish sentences which violate the CNPC},
	Year = {1976}}

@article{ferreirahend,
	Author = {Fernanda Ferreira and John M. Henderson},
	Journal = {Journal of Memory and Language},
	Pages = {725--745},
	Title = {Recovery from misanalyses of garden-path sentences},
	Volume = {31},
	Year = {1991}}

@inproceedings{fodor02b,
	Author = {Janet Dean Fodor},
	Booktitle = {NELS 32},
	Editor = {M. Hirotani},
	Pages = {113--132},
	Publisher = {Amherst, MA: GLSA Publications},
	Title = {Prosodic disambiguation in silent reading},
	Year = {2002}}

@incollection{stucky,
	Author = {Susan U. Stucky},
	Booktitle = {Syntax and Semantics 20: Discontinuous Constituency},
	Editor = {Geoffrey J. Huck and Almerindo E. Ojeda},
	Pages = {377--404},
	Publisher = {Academic Press, Orlando, FL},
	Title = {Configurational Variation in {English:} A study of extraposition and related matters},
	Year = {1987}}

@article{stepanov,
	Author = {Arthur Stepanov},
	Journal = {Syntax},
	Number = {1},
	Pages = {80--126},
	Title = {The end of {CED}? {M}inimalism and extraction domains},
	Volume = {10},
	Year = {2007}}

@inproceedings{chavesjeruen,
	Author = {Rui P. Chaves and Jeruen E. Dery},
	Booktitle = {31st West Coast Conference on Formal Linguistics},
	Editor = {R. E. Santana-LaBarge},
	Pages = {96--106},
	Publisher = {Somerville, MA: Cascadilla Proceedings Project},
	Title = {Which subject islands will the acceptability of improve with repeated exposure?},
	Year = {2014}}

@article{hawkins,
	Author = {John A. Hawkins},
	Journal = {Language},
	Number = {2},
	Pages = {244--249},
	Title = {Processing complexity and filler-gap dependencies across grammars},
	Volume = {75},
	Year = {1999}}

@techreport{kellerverb,
	Author = {Frank Keller},
	Institution = {IBM Germany, Institute for Logic and Linguistics, Heidelberg},
	Title = {Extraposition in HPSG},
	Type = {Verbmobil-Report 30},
	Year = {1994}}

@article{clarkwasow,
	Author = {Herbert H. Clark and Thomas Wasow},
	Journal = {Cognitive Psychology},
	Pages = {201--242},
	Title = {Repeating words in spontaneous speech},
	Volume = {37},
	Year = {1998}}

@article{fernandez,
	Author = {{\'{A}ngel} {Jim\'{e}nez--Fern\'{a}ndez}},
	Journal = {SKY Journal of Linguistics},
	Pages = {91--138},
	Title = {On the Composite Nature of Subject Islands: A phase-based approach},
	Volume = {22},
	Year = {2009}}

@article{gibson07,
	Author = {Edward Gibson},
	Journal = {Journal of Memory and Language},
	Pages = {363--388},
	Title = {The interaction of top-down and bottom-up statistics in the resolution of syntactic category ambiguity},
	Volume = {54},
	Year = {2006}}

@article{kluenderkustas,
	Author = {Robert Kluender and Marta Kutas},
	Journal = {Language and Cognitive Processes},
	Pages = {573--633},
	Title = {Subjacency as a processing phenomenon},
	Volume = {8},
	Year = {1993}}

@phdthesis{philipt07,
	Author = {Philip Hofmeister},
	School = {Stanford University.},
	Title = {Facilitating Memory Retrieval in Natural Language Comprehension},
	Type = {Ph.D. Thesis},
	Year = {2007}}

@article{chungmc,
	Author = {Sandra Chung and James McCloskey},
	Journal = {Linguistic Inquiry},
	Pages = {703--714},
	Title = {On the interpretation of certain island facts in {GPSG}},
	Volume = {14},
	Year = {1983}}

@incollection{pesetskydlink,
	Author = {David Pesetsky},
	Booktitle = {The Representation of (In)Definiteness},
	Editor = {Eric Reuland and Alice ter Meulen},
	Pages = {98--129},
	Publisher = {Cambridge: MIT Press},
	Title = {Wh-in-situ: movement and unselective binding},
	Year = {1987}}

@inbook{vives,
	Author = {Anne Abeill\'{e} and Robert Viv\`{e}s},
	Booktitle = {La Grande Grammaire du fran\c{c}ais, Actes Sud},
	Editor = {Anne Abeill\'{e} Dani\`{e}le Godard and Antoine Gautier},
	Note = {(In preparation)},
	Title = {Les constructions \`{a} verbe support},
	Year = {2019}}

@inproceedings{crawfordwccfl,
	Address = {University of Arizona},
	Author = {Jean Crawford},
	Booktitle = {{WCCFL} 29 Proceedings},
	Title = {Using Syntactic Satiation Effects to Investigate Subject Islands},
	Year = {2011}}

@book{godard92f,
	Author = {Dani{\`{e}}le Godard},
	Journal = {\'{E}ditions du {Centre} {National} de la {Recherche} {Scientifique}, Paris},
	Title = {La syntaxe des relatives en {F}ran\c{c}ais},
	Year = {1988}}

@article{levyted,
	Author = {Roger Levy and Evelina Fedorenko and Mara Breen and Ted Gibson},
	Journal = {Cognition},
	Number = {1},
	Pages = {12--36},
	Title = {The processing of extraposed structures in {E}nglish},
	Volume = {12},
	Year = {2012}}

@phdthesis{ruys,
	Author = {Eddy Ruys},
	School = {Universiteit Utrecht},
	Title = {The scope of indefinites},
	Type = {Doctoral Dissertation},
	Year = {1993}}

@inbook{hud12,
	Author = {Rodney D. Huddleston and Geoffrey Pullum and Peter Peterson},
	Chapter = {12: Relative clause constructions and unbounded dependencies},
	Pages = {1033--1096},
	Publisher = {Cambridge University Press},
	Title = {The {Cambridge} Grammar of the {English} Language},
	Year = {2002}}

@article{abrusanspec,
	Author = {M\'{a}rta Abrus\'{a}n and Benjamin Spector},
	Journal = {Journal of Semantics},
	Number = {1},
	Pages = {107--147},
	Title = {A Semantics for Degree Questions Based on Intervals: Negative Islands and Their Obviation},
	Volume = {28},
	Year = {2011}}

@book{Dean,
	Author = {Paul {D.} Deane},
	Publisher = {Mouton de Gruyter},
	Title = {Grammar in Mind and Brain},
	Year = {1992}}

@inproceedings{kluender06,
	Address = {Somerville, MA},
	Author = {Robert Kluender},
	Booktitle = {In Proceedings of the {WCCFL} 23},
	Editor = {B. Schmeiser and V. Chand and A. Kelleher and A. Rodriguez},
	Pages = {101--125},
	Publisher = {Cascadilla Press},
	Title = {Are subject islands subject to a processing account?},
	Year = {2004}}

@incollection{hoflangreply,
	Author = {Philip Hofmeister and Laura Staum Casasanto and Ivan A. Sag},
	Booktitle = {Experimental Syntax and islands effects},
	Editor = {Jon Sprouse and Norbert Hornstein},
	Pages = {42 -- 63},
	Publisher = {Cambridge: Cambridge University Press},
	Title = {Islands in the grammar? {Standards of evidence}},
	Year = {2013}}

@book{chomsky77b,
	Author = {Noam Chomsky},
	Publisher = {New York: North-Holland},
	Title = {Essays on form and interpretation},
	Year = {1977}}

@techreport{garnsey,
	Author = {Susan Garnsey},
	Institution = {University of Rochester},
	Title = {Function words and content words: Reaction time and evoked potential measures of word recognition},
	Type = {Cognitive Science Technical Report URCS-29},
	Year = {1985}}

@inproceedings{kothari,
	Author = {Anubha Kothari},
	Booktitle = {Proceedings of WECOL 2008: Western Conference on Linguistics},
	Editor = {M. Grosvald and D. Soares},
	Title = {Frequency-based Expectations and Context Influence Bridge Quality},
	Year = {2008}}

@article{gibson10,
	Author = {Evelina Fedorenko and Edward Gibson},
	Journal = {Syntax},
	Number = {13},
	Pages = {183 -- 195},
	Title = {Adding a Third Wh-Phrase Does Not Increase the Acceptability of Object-Initial Multiple-Wh-Questions},
	Volume = {3},
	Year = {2010}}

@article{saah,
	Author = {Kofi Saah and Helen Goodluck},
	Journal = {Linguistic Review},
	Pages = {381--409},
	Title = {Island effects in parsing and grammar: evidence from Akan},
	Volume = {12},
	Year = {1995}}

@book{grosu81,
	Author = {Alexander Grosu},
	Publisher = {North-Holland},
	Title = {Approaches to island phenomena},
	Year = {1981}}

@article{reply2,
	Author = {Jon Sprouse and Matt Wagers and Colin Phillips},
	Journal = {Language},
	Number = {2},
	Pages = {401--407},
	Title = {Working-memory capacity and island effects: a reminder of the issues and the facts},
	Volume = {88},
	Year = {2012}}

@book{kunotakamib,
	Author = {Susumu Kuno and Ken-Ichi Takami},
	Publisher = {Chicago \& London: University of Chicago Press},
	Title = {Grammar and discourse principles: functional syntax and {GB} theory},
	Year = {1993}}

@article{bouma,
	Author = {Gosse Bouma and Rob Malouf and Ivan A. Sag},
	Journal = {Natural Language and Linguistic Theory},
	Number = {1},
	Pages = {1--65},
	Title = {Satisfying Constraints on Extraction and Adjunction},
	Volume = {19},
	Year = {2001}}

@inproceedings{Oshima:2006:FIP:1761528.1761544,
	Acmid = {1761544},
	Address = {Berlin, Heidelberg},
	Author = {Oshima, David Y.},
	Booktitle = {Proceedings of the 20th annual conference on New frontiers in artificial intelligence},
	Isbn = {978-3-540-69901-9},
	Location = {Tokyo, Japan},
	Numpages = {15},
	Pages = {147--161},
	Publisher = {Springer-Verlag},
	Series = {JSAI'06},
	Title = {On factive Islands: pragmatic anomaly vs. pragmatic infelicity},
	Url = {http://portal.acm.org/citation.cfm?id=1761528.1761544},
	Year = {2007},
	Bdsk-Url-1 = {http://portal.acm.org/citation.cfm?id=1761528.1761544}}

@incollection{kayne00,
	Author = {Richard Kayne},
	Booktitle = {Parameters and Universals},
	Pages = {261--276},
	Publisher = {Oxford University Press},
	Title = {Overt vs. Covert Movement},
	Year = {2000}}

@article{goodall11,
	Author = {Grant Goodall},
	Journal = {Syntax},
	Pages = {29--47},
	Title = {Syntactic satiation and the inversion effect in {English} and {Spanish} {\it wh}- questions},
	Volume = {14},
	Year = {2011}}

@book{pollardsag,
	Author = {Carl Pollard and Ivan A. Sag},
	Publisher = {Chicago: University of Chicago Press and Stanford: CSLI},
	Title = {Head-driven phrase structure grammar},
	Year = {1994}}

@book{gpsg,
	Author = {Gerald Gazdar and Ewan Klein and Geoffrey K. Pullum and Ivan A. Sag},
	Publisher = {Oxford: Blackwell, and Cambridge, Ma: Harvard University Press},
	Title = {Generalized Phrase Structure Grammar},
	Year = {1985}}

@book{fox,
	Author = {Danny Fox},
	Publisher = {MIT: Cambridge, Massachusetts},
	Title = {Economy and semantic interpretation},
	Year = {2000}}

@article{chavesresp,
	Author = {Rui P. Chaves and Jeruen E. Dery},
	Journal = {Journal of Linguistics},
	Pages = {47},
	Title = {Frequency effects in Subject Islands},
	Volume = {55},
	Year = {2019}}

@article{kynette,
	Author = {Donna Kynette and Susan Kemper},
	Journal = {Language and Communication},
	Pages = {65--72},
	Title = {Aging and the loss of grammatical forms: a cross-sectional study of language performance},
	Volume = {6},
	Year = {1986}}

@article{partee84,
	Author = {Barabara Partee},
	Journal = {Linguistics and Philosophy},
	Number = {3},
	Pages = {243--286},
	Title = {Nominal and Temporal Anaphora},
	Volume = {7},
	Year = {1984}}

@incollection{chomsky73,
	Author = {Noam Chomsky},
	Booktitle = {A Festschrift for Morris Halle},
	Editor = {Stephen Anderson and Paul Kiparsky},
	Pages = {232--286},
	Publisher = {New York: Holt, Reinhart \& Winston},
	Title = {Conditions on transformations},
	Year = {1973}}

@phdthesis{lewis93,
	Author = {Richard L. Lewis},
	School = {Carnegie Mellon University},
	Title = {An architecturally-based theory of human sentence comprehension},
	Type = {PhD Dissertation},
	Year = {1993}}

@article{sza,
	Author = {Anna Szabolcsi and Frans Zwarts},
	Journal = {Natural Language Semantics},
	Pages = {235--284},
	Title = {Weak Islands and an Algebraic Semantics for Scope Taking},
	Volume = {1},
	Year = {1993}}

@phdthesis{michelt,
	Author = {Daniel Michel},
	School = {University of California, San Diego, CA},
	Title = {Individual Cognitive Measures and Working Memory Accounts of Syntactic Island Phenomena},
	Type = {Doctoral dissertation},
	Year = {2014}}

@article{kimball,
	Author = {John Kimball},
	Journal = {Cognition},
	Pages = {15--57},
	Title = {Seven principles of surface structure parsing in natural language},
	Volume = {2},
	Year = {1973}}

@inproceedings{Noord:Bouma:96,
	Author = {\noopsort{Noord}van Noord, Gertjan and Gosse Bouma},
	Booktitle = {Proceedings of Formal Grammar 96},
	Editor = {G.-J. Kruijff and Glynn Morrill and D. Oehrle},
	Pages = {1--14},
	Title = {Extraposition as a nonlocal dependency},
	Year = {1996}}

@article{grosu73,
	Author = {Alexander Grosu},
	Journal = {Linguistic Inquiry},
	Pages = {88--92},
	Title = {On the Nonunitary Nature of the Coordinate Structure Constraint},
	Volume = {4},
	Year = {1973}}

@article{Sag:Wasow:ta2,
	Author = {Ivan A. Sag and Thomas Wasow},
	Journal = {Journal of Psycholinguist Research},
	Number = {1},
	Pages = {47--63},
	Title = {Flexible Processing and the Design of Grammar},
	Volume = {44},
	Year = {2015}}

@article{desmet,
	Author = {Timothy Desmet and Constantijn De Baecke and Denis Drieghe and Mark Brysbaert and Wietske Vonk},
	Journal = {Language and Cognitive Processes},
	Number = {4},
	Pages = {453--485},
	Title = {Relative clause attachment in Dutch: On-line comprehension corresponds to corpus frequencies when lexical variables are taken into account},
	Volume = {21},
	Year = {2006}}

@article{kamide03,
	Author = {Yuki Kamide and Christoph Scheepers and Gerry T. M. Altmann},
	Journal = {Journal of Psycholinguistic Research},
	Number = {1},
	Pages = {37--55},
	Title = {Integration of syntactic and semantic information in predictive processing: Crosslinguistic evidence from {German and English}},
	Volume = {32},
	Year = {2003}}

@article{ferreirahend2,
	Author = {Fernanda Ferreira and John M. Henderson},
	Journal = {Canadian Journal of Psychology: Special Issue on Reading and Language Processing},
	Pages = {247--275},
	Title = {Basic reading processes during syntactic analysis and reanalysis},
	Volume = {47},
	Year = {1993}}

@book{chomsky82,
	Author = {Noam Chomsky},
	Publisher = {Cambridge: MIT Press},
	Title = {Concepts and Consequences of the Theory of Government and Binding},
	Year = {1982}}

@book{chomsky80,
	Author = {Noam Chomsky},
	Publisher = {Columbia University Press, New York},
	Title = {Rules and Representations},
	Year = {1980}}

@book{ginzsag-wrong-duplicate-removed-islands,
	Author = {Jonathan Ginzburg and Ivan A. Sag},
	Publisher = {Stanford: CSLI Publications},
	Title = {{Interrogative Investigations:} the form, meaning and use of {E}nglish interrogative constructions},
	Year = {2000}}

@article{akma75,
	Author = {Adrian Akmajian},
	Journal = {Linguistic Inquiry},
	Number = {6},
	Pages = {115--129},
	Title = {More evidence for an NP Cycle},
	Volume = {1},
	Year = {1975}}

@inproceedings{baltin78,
	Author = {Mark Baltin},
	Booktitle = {Proceedings of The Eighth Regional Meeting of the Northeast Linguistic Society},
	Editor = {Mark Stein},
	Publisher = {Amherst, Massachusetts, Graduate Linguistics Students Association, University of Massachusetts, Amherst},
	Title = {{PP} as a bounding node},
	Year = {1978}}

@unpublished{kroch89,
	Author = {Anthony Kroch},
	Note = {Ms., Department of Linguistics, University of Pennsylvania},
	Title = {Amount quantification, referentiality, and long \emph{wh}"=movement},
	Year = {1989}}

@incollection{prichett,
	Author = {Bradley L. Pritchett},
	Booktitle = {Principle-based parsing: Computation and psycholinguistics},
	Editor = {Robert C. Berwick},
	Pages = {301--345},
	Publisher = {Dordrecht: Kluwer},
	Title = {Subjacency in a principle-based parser},
	Year = {1991}}

@inproceedings{gawronkehlersalt,
	Author = {Jean Mark Gawron and Andrew Kehler},
	Booktitle = {Semantics and Linguistic Theory 13 (SALT 13)},
	Organization = {University of Washington, Seattle, Washington},
	Title = {Respective Answers to Coordinated Questions},
	Year = {2003}}

@article{kubotalee,
	Author = {Yusuke Kubota and Jungmee Lee},
	Journal = {Language},
	Number = {3},
	Pages = {642--675},
	Title = {The Coordinate Structure Constraint as a discourse-oriented principle: Further evidence from Japanese and Korean},
	Volume = {91},
	Year = {2015}}

@book{fod74,
	Author = {Janet Dean Fodor and Thomas G. Bever and Merrill F. Garrett},
	Publisher = {New York: McGraw Hill},
	Title = {The psychology of language},
	Year = {1974}}

@article{zhang,
	Author = {Niina Ning Zhang},
	Journal = {Lingua},
	Number = {12},
	Pages = {2134--2158},
	Title = {The Syntactic Derivations of Two Paired Dependency Constructions},
	Volume = {117},
	Year = {2007}}

@article{levy13,
	Author = {Roger Levy and Frank Keller},
	Journal = {Journal of Memory and Language},
	Number = {68},
	Pages = {199--222},
	Title = {Expectation and locality effects in {G}erman verb-final structures},
	Volume = {2},
	Year = {2013}}

@book{may85,
	Author = {Robert May},
	Publisher = {Cambridge, MA: MIT Press},
	Title = {{Logical Form: its structure and derivation}},
	Year = {1985}}

@article{fodor83-removed,
	Author = {Janet Dean Fodor},
	Journal = {Linguistics and Philosophy},
	Pages = {163--223},
	Title = {Phrase Structure Parsing and the Island Constraints},
	Volume = {6},
	Year = {1983}}

@inproceedings{eynde96,
	Author = {Frank {Van Eynde}},
	Booktitle = {Papers from the Sixth CLIN Meeting},
	Editor = {G. Durieux and W. Daelemans and S. Gillis},
	Pages = {231--248},
	Title = {A monostratal treatment of it extraposition without lexical rules},
	Year = {1996}}

@incollection{bever,
	Author = {Thomas G. Bever},
	Booktitle = {Advances in psycholinguistics},
	Editor = {G. B. Flores d'Arcais and W. J. M. Levelt},
	Pages = {65--88},
	Publisher = {Hayes},
	Title = {The influence of speech performance on linguistic structure},
	Year = {1970}}

@article{sprouse12,
	Author = {Jon Sprouse and Matt Wagers and Colin Phillips},
	Journal = {Language},
	Title = {A test of the relation between working memory capacity and syntactic island effects},
	Year = {2012}}

@article{levy08,
	Author = {Roger Levy},
	Journal = {Cognition},
	Number = {106},
	Pages = {1126--1177},
	Title = {Expectation-based syntactic comprehension},
	Volume = {3},
	Year = {2008}}

@incollection{Sag:Wasow:ta,
	Author = {Ivan A. Sag and Thomas Wasow},
	Booktitle = {Non-Transformational Syntax},
	Editor = {Robert Borsley and Kersti Borjars},
	Publisher = {Cambridge: Blackwells.},
	Title = {Performance-Compatible Competence Grammar},
	Year = {2010}}

@incollection{goldberg13,
	Author = {Adele E. Goldberg},
	Booktitle = {Experimental Syntax and Island Effects},
	Editor = {Jon Sprouse and Norbert Hornstein},
	Pages = {221--238},
	Publisher = {Cambridge University Press},
	Title = {Backgrounded constituents cannot be extracted},
	Year = {2013}}

@book{levine17,
	Author = {Robert D.\ Levine},
	Publisher = {Cambridge University Press},
	Title = {Syntactic Analysis: An HPSG-based Approach}}

@inproceedings{fodorsagt,
	Address = {Stanford: CSLI},
	Author = {Ivan A. Sag and Janet Dean Fodor},
	Booktitle = {Proceedings of the Thirtheenth West Coast Conference on Formal Linguistics},
	Pages = {365--384},
	Title = {Extraction without traces},
	Year = {1994}}

@incollection{hof2007,
	Address = {Berlin},
	Author = {Philip Hofmeister and Florian T. Jaeger and Ivan A. Sag and Inbal Arnon and Neal Snider},
	Booktitle = {Roots: Linguistics in Search of its Evidential Base},
	Editor = {Sam Featherston and Wolfgang Sternefeld},
	Pages = {185 -- 206},
	Publisher = {Mouton de Gruyter},
	Title = {Locality and accessibility in wh-questions},
	Year = {2007}}

@article{greco,
	Author = {Jon Sprouse and Ivano Caponigro and Ciro Greco and Carlo Cecchetto},
	Journal = {Natural Language \& Linguistic Theory},
	Number = {1},
	Pages = {307--344},
	Title = {Experimental syntax and the variation of island effects in {English and Italian}},
	Volume = {34},
	Year = {2015}}

@unpublished{annerels,
	Author = {Anne Abeill{\'{e}} and Barbara Hemforth and Elodie Winckel and Edward Gibson},
	Note = {31th Annual CUNY Conference on Human Sentence Processing},
	Title = {A construction-conflict explanation of the subject-island constraint},
	Year = {2018}}

@inproceedings{drummond,
	Author = {Alex Drummond},
	Booktitle = {Proceedings of CLS 45},
	Publisher = {University of Chicago},
	Title = {The Unity of Extraposition and the A/A Distinction},
	Year = {2009}}

@incollection{Bolinger78,
	Author = {Dwight Bolinger},
	Booktitle = {Questions},
	Editor = {Henry Hiz},
	Pages = {107--150},
	Publisher = {Dordrecht, Reidel},
	Title = {Asking More than One Thing at a Time},
	Year = {1978}}

@article{shir-jrn,
	Author = {Nomi Erteschik-Shir},
	Journal = {Linguistic Inquiry},
	Pages = {665--670},
	Title = {More on extractability from quasi-NPs},
	Volume = {12},
	Year = {1981}}

@article{levinepostal,
	Author = {Robert D. Levine},
	Journal = {Journal of Linguistics},
	Pages = {145--174},
	Title = {The extraction riddle: just what are we missing?},
	Volume = {37},
	Year = {2001}}

@book{levhubook,
	Author = {Robert D. Levine and Thomas E. Hukari},
	Publisher = {CSLI Publications, Leland Stanford Junior University},
	Title = {The unity of unbounded dependency constructions},
	Year = {2006}}

@phdthesis{stowelldiss,
	Author = {Timothy Angus Stowell},
	School = {MIT Cambridge, MA},
	Title = {Origins of phrase structure},
	Type = {PhD Dissertation},
	Year = {1981}}

@phdthesis{cowper76,
	Author = {Elizabeth A. Cowper},
	School = {University of California, Irvine, CA},
	Title = {Constraints on sentence complexity: a model for syntactic processing},
	Type = {PhD dissertation},
	Year = {1976}}

@article{sprsat2,
	Author = {Jon Sprouse},
	Journal = {Linguistic Inquiry},
	Number = {1},
	Pages = {329 -- 341},
	Title = {Revisiting Satiation: {E}vidence for an equalization response strategy},
	Volume = {40},
	Year = {2009}}

@article{federmeier,
	Author = {Kara D. Federmeier and Marta Kutas},
	Journal = {Journal of Memory and Language},
	Pages = {469--495},
	Title = {A rose by any other name: Long-term memory structure and sentence processing},
	Volume = {41},
	Year = {1999}}

@book{wasowbook,
	Author = {Thomas Wasow},
	Publisher = {CSLI Publications},
	Title = {Postverbal Behavior},
	Year = {2002}}

@article{villata,
	Author = {Sandra Villata and Luigi Rizzi and Julie Franck},
	Journal = {Lingua},
	Pages = {76--96},
	Title = {Intervention effects and relativized minimality: New experimental evidence from graded judgments},
	Volume = {179},
	Year = {2016}}

@unpublished{santorini,
	Author = {Beatrice Santorini},
	Note = {{University of Pennsylvania}. \url{http://www.ling.upenn.edu/~beatrice/examples/movement.html}. Accessed: Jan 2 2012},
	Title = {({U}n?)expected movement},
	Year = {2007}}

@phdthesis{chavesthesis,
	Author = {Rui P. Chaves},
	School = {University of Lisbon},
	Title = {Coordinate Structures -- Constraint-based Syntax-Semantics Processing},
	Type = {Doctoral Dissertation},
	Year = {2007}}

@book{hawbook,
	Author = {John A. Hawkins},
	Publisher = {Oxford},
	Title = {Efficiency and Complexity in Grammars},
	Year = {2004}}

@unpublished{strunk08,
	Author = {Jan Strunk and Neal Snider},
	Note = {Presented at the workshop on Rightward Movement in a Comparative Perspective at DGfS 2008 in Bamberg, March 27, 2008},
	Title = {Extraposition without Subjacency},
	Url = {http://www.linguistics.ruhr-uni-bochum.de/~strunk/DGfS2008Handout.pdf},
	Year = {2008},
	Bdsk-Url-1 = {http://www.linguistics.ruhr-uni-bochum.de/~strunk/DGfS2008Handout.pdf}}

@article{creel,
	Author = {Sarah C. Creel and Richard N. Aslin and Michael K. Tanenhaus},
	Journal = {Cognition},
	Pages = {633--664},
	Title = {Heeding the voice of experience: The role of talker variation in lexical access},
	Volume = {106},
	Year = {2008}}

@article{mak,
	Author = {Willem M. Mak and Wietske Vonk and Herbert Schriefers},
	Journal = {Memory \& Cognition},
	Pages = {170--181},
	Title = {Discourse structure and relative clause processing},
	Volume = {36},
	Year = {2008}}

@article{shirlappin,
	Author = {Nomi Erteschik-Shir and Shalom Lappin},
	Journal = {Theoretical Linguistics},
	Pages = {41--86},
	Title = {Dominance and the functional explanation of island phenomena},
	Volume = {6},
	Year = {1979}}

@book{kehler,
	Author = {Andrew Kehler},
	Publisher = {Stanford: CSLI Publications},
	Title = {Coherence, Reference, and the Theory of Grammar},
	Year = {2002}}

@inproceedings{chaves,
	Author = {Rui P. Chaves},
	Booktitle = {Proceedings of the 8th {ESSLLI} Student Session},
	Editor = {Balder ten Cate},
	Organization = {ESSLLI 2003, Vienna, Austria},
	Pages = {47--58},
	Title = {{Non-Redundant Scope Disambiguation in Underspecified Semantics}},
	Year = {2003}}

@article{chavesrnr,
	Author = {Rui P. Chaves},
	Number = {90},
	Pages = {834 -- 886},
	Title = {On the disunity of Right Node Raising phenomena: Extraposition, Ellipsis, and Deletion},
	Volume = {4},
	Year = {2014}}

@incollection{polinsky13,
	Author = {Maria Polinsky and Carlos G\'{o}mez Gallo and Peter Graff and Ekaterina Kravtchenko and Adam Milton Morgan and Anne Sturgeon},
	Booktitle = {Experimental Syntax and islands effects},
	Editor = {Jon Sprouse and Norbert Hornstein},
	Publisher = {Cambridge: Cambridge University Press},
	Title = {Subject islands are different},
	Year = {2013}}

@inproceedings{Richart,
	Author = {Amanda Ritchart and Grant Goodall and Marc Garellek},
	Booktitle = {Proceedings of the 33rd West Coast Conference on Formal Linguistics},
	Editor = {Kyeong-min Kim and Pocholo Umbal and Trevor Block and Queenie Chan and Tanie Cheng and Kelli Finney and Mara Katz and Sophie Nickel-Thompson and Lisa Shorten},
	Pages = {320--328},
	Title = {Prosody and the That-Trace Effect: An Experimental Study},
	Year = {2016}}

@book{Culicover13,
	Author = {Peter W. Culicover},
	Publisher = {Oxford University Press},
	Title = {Grammar \& Complexity},
	Year = {2013}}

@article{borg,
	Author = {Claudia Borgonovo and Ad Neeleman},
	Journal = {Canadian Journal of Linguistics/Revue canadienne de linguistique},
	Pages = {199--224},
	Title = {Transparent adjuncts},
	Volume = {45},
	Year = {2000}}

@article{trax98,
	Author = {Matthew J. Traxler and Martin J. Pickering and {Charles E. Jr.} Clifton},
	Journal = {Journal of memory and language},
	Pages = {558--592},
	Title = {Adjunct attachment is not a form of lexical ambiguity resolution},
	Volume = {39},
	Year = {1998}}

@incollection{Abeille:Bonami:ea:04,
	Address = {Stanford},
	Author = {Anne AbeillÃ© and Olivier Bonami and DaniÃ¨le Godard and Jesse Tseng},
	Booktitle = {Proceedings of the HPSG-2004 Conference, Center for Computational Linguistics, Katholieke Universiteit Leuven},
	Editor = {Stefan MÃ¼ller},
	Pages = {6--26},
	Publisher = {CSLI Publications},
	Title = {The Syntax of French N' Phrases},
	Url = {http://cslipublications.stanford.edu/HPSG/5/},
	Url_Checked = {08.19.07},
	Year = {2004},
	Bdsk-Url-1 = {http://cslipublications.stanford.edu/HPSG/5/}}

@article{phil13,
	Author = {Colin Phillips},
	Date = {2013-01-01},
	Journal = {Language and Cognitive Processes},
	Pages = {156-187},
	Title = {Some arguments and non-arguments for reductionist accounts of syntactic phenomena},
	Volume = {28},
	Year = {2013}}

@article{fgsag08,
	Author = {Ivan A. Sag},
	Journal = {Language},
	Number = {3},
	Pages = {486--545},
	Title = {English filler-gap constructions},
	Volume = {86},
	Year = {2010}}

@inproceedings{sagn,
	Author = {Ivan A. Sag and Joann Nykiel},
	Booktitle = {Proceedings of HPSG 2011 - 18th International Conference on Head-Driven Phrase Structure Grammar},
	Editor = {Stefan M\"{u}ller},
	Note = {http://lingo.stanford.edu/sag/papers/sag-nykiel-hpsg11.pdf},
	Organization = {University of Washington},
	Title = {Remarks on sluicing},
	Year = {2011}}

@book{Ladd96,
	Author = {Robert D. Ladd},
	Publisher = {Cambridge University Press},
	Title = {Intonational Phonology},
	Year = {1996}}

@incollection{taraldsen82,
	Author = {Knut T. Taraldsen},
	Editor = {Elisabet Engdahl and Eva Ejerhed},
	Pages = {205--221},
	Publisher = {Stockholm: Almqvist and Wiksell International},
	Title = {Extraction from relative clauses in Norwegian. Readings on Unbounded Dependencies in Scandinavian Languages},
	Year = {1982}}

@article{sauerelb,
	Author = {Uli Sauerland and Paul D. Elbourne},
	Journal = {Linguistic Inquiry},
	Number = {2},
	Pages = {283--319},
	Title = {Total reconstruction, PF movement, and derivational order},
	Volume = {33},
	Year = {2002}}

@phdthesis{Perlmutter68,
	Author = {Donald M. Perlmutter},
	School = {Doctoral dissertation, MIT},
	Title = {Deep and surface structure constraints in syntax},
	Year = {1968}}

@article{kutas84,
	Author = {Marta Kutas and Steven A. Hillyard},
	Journal = {Nature},
	Number = {307},
	Pages = {161--163},
	Title = {Brain potentials during reading reflect word expectancy and semantic association},
	Volume = {5947},
	Year = {1984}}

@incollection{chomsky08,
	Author = {Noam Chomsky},
	Booktitle = {Foundational Issues in Linguistic Theory: Essays in Honor of {Jean-Roger Vergnaud}},
	Editor = {Robert Freidin and David Michaels and Carlos P. Otero and Maria Luisa Zubizarreta},
	Pages = {133--165},
	Publisher = {Cambridge, MA, USA: MIT Press},
	Title = {On Phases},
	Year = {2008}}

@article{tabor3,
	Author = {Whitney Tabor and Sean Hutchins},
	Journal = {Journal of Experimental Psychology: Learning, Memory, and Cognition},
	Number = {2},
	Pages = {431--450},
	Title = {Evidence for self-organized sentence processing: digging-in effects},
	Volume = {30},
	Year = {2004}}

@article{colinphillips,
	Author = {Colin Phillips},
	Journal = {Language},
	Pages = {795--823},
	Title = {The real-time status of island phenomena},
	Volume = {82},
	Year = {2006}}

@book{culicover99,
	Author = {Peter W. Culicover},
	Publisher = {Oxford University Press},
	Series = {Volume One of Foundations of Syntax},
	Title = {Syntactic Nuts: Hard Cases in Syntax},
	Year = {1999}}

@incollection{levineetal,
	Author = {Robert D. Levine and Thomas E. Hukari and Michael Calcagno},
	Booktitle = {Parasitic Gaps},
	Editor = {Peter Culicover and Paul M. Postal},
	Pages = {181--222},
	Publisher = {Cambridge, MA: MIT Press},
	Title = {Parasitic gaps in {English}: some overlooked cases and their theoretical implications},
	Year = {2001}}

@book{berwickwein,
	Author = {Robert Berwick and Amy S. Weinberg},
	Publisher = {Cambridge. MAL MIT Press},
	Title = {The grammatical basis of linguistic performance},
	Year = {1984}}

@incollection{kluender92,
	Author = {Robert Kluender},
	Booktitle = {Island Constraints: Theory, Acquisition and Processing},
	Editor = {Helen Goodluck and Michael Rochemont},
	Pages = {223--258},
	Publisher = {Dordrecht: Kluwer},
	Title = {Deriving island constraints from principles of predication},
	Year = {1992}}

@incollection{jacobson08,
	Author = {Pauline Jacobson},
	Booktitle = {Topics in Ellipsis},
	Editor = {Kyle Johnson},
	Pages = {30 -- 68},
	Publisher = {Cambridge University Press},
	Title = {Direct compositionality and variable free semantics: the case of antecedent contained ellipsis},
	Year = {2008}}

@incollection{frazier88,
	Author = {Lynn Frazier and K. Rayner},
	Booktitle = {Explaining language universals},
	Editor = {J. A. Hawkins},
	Pages = {247--279},
	Publisher = {Oxford: Blackwell},
	Title = {Parameterizing the language processing system: Left versus right branching within and across languages},
	Year = {1988}}

@phdthesis{gibson91,
	Author = {Edward Gibson},
	School = {Carnegie Mellon University},
	Title = {A computational theory of human linguistic processing: Memory limitations and processing breakdown},
	Type = {PhD dissertation},
	Year = {1991}}

@article{cattell,
	Author = {Ray Cattell},
	Journal = {Language},
	Pages = {18--59},
	Title = {Constraints on movement rules},
	Volume = {52},
	Year = {1976}}

@phdthesis{hiramatsu00,
	Author = {Kazuko Hiramatsu},
	School = {University of Connecticut},
	Title = {Accessing Linguistic Competence: Evidence from children's and adults' acceptability judgments},
	Type = {{Ph.D.} Thesis},
	Year = {2000}}

@book{frazcl,
	Author = {Lyn Frazier and {Charles E. Jr.} Clifton},
	Publisher = {Cambridge, MA: MIT Press},
	Title = {Construal},
	Year = {1996}}

@incollection{fodor92,
	Author = {Janet Dean Fodor},
	Booktitle = {Island Constraints: Theory, Acquisition and Processing},
	Editor = {Helen Good luck and Michael Rochemont},
	Pages = {109--180},
	Publisher = {Dordrecht: Kluwer},
	Title = {Islands, Learnability and the Lexicon},
	Year = {1992}}

@book{kunojap,
	Author = {Susumu Kuno},
	Publisher = {Cambridge, MA: The MIT Press},
	Title = {The structure of the Japanese language},
	Year = {1973}}

@phdthesis{sprousediss07,
	Author = {Jon Sprouse},
	School = {University of Maryland},
	Title = {A program for experimental syntax: Finding the relationship between acceptability and grammatical knowledge},
	Type = {Ph.D. dissertation},
	Year = {2007}}

@book{merchantbook,
	Author = {Jason Merchant},
	Publisher = {Oxford University Press: Oxford},
	Title = {The syntax of silence: Sluicing, islands, and the theory of ellipsis},
	Year = {2001}}

@article{lau06,
	Author = {Ellen Lau and Clare Stroud and Silke Plesch and Colin Phillips},
	Journal = {Brain and language},
	Number = {98},
	Pages = {74--88},
	Title = {The role of structural prediction in rapid syntactic analysis},
	Volume = {1},
	Year = {2006}}

@article{gibetal,
	Author = {Edward Gibson and Neal Pearlmutter and Enriqueta Canseco-Gonzalez and Gregory Hickok},
	Journal = {Cognition},
	Number = {1},
	Pages = {23--59},
	Title = {Recency preference in the human sentence processing mechanism},
	Volume = {59},
	Year = {1996}}

@article{hnps,
	Author = {Adrian Staub and {Charles E. Jr.} Clifton and Lyn Frazier},
	Journal = {Journal of Memory and Language},
	Pages = {389--406},
	Title = {Heavy NP shift is the parser's last resort: evidence from eye movements},
	Volume = {54},
	Year = {2006}}

@incollection{kluender,
	Author = {Robert Kluender},
	Booktitle = {Syntax and Semantics 29: The Limits of Syntax},
	Editor = {Peter W. Culicover and Louise McNally},
	Pages = {241--279},
	Publisher = {New York, NY: Academic Press},
	Title = {On the distinction between strong islands and weak islands: a processing perspective},
	Year = {1998}}

@book{fernandez03,
	Author = {Eva M. Fern{\'{a}}ndez},
	Publisher = {Amsterdam, The Netherlands: John Benjamins},
	Title = {Bilingual Sentence Processing: Relative Clause Attachment in English and Spanish},
	Year = {2003}}

@book{truswellbook,
	Author = {Robert Truswell},
	Publisher = {Oxford},
	Title = {Events, Phrases and Questions},
	Year = {2011}}

@inproceedings{culcogsci,
	Address = {Quebec, Quebec, Canada},
	Author = {van Schijndel, Marten and Schuler, William and Culicover, Peter W.},
	Booktitle = {Proceedings of CogSci 2014},
	Month = Jul,
	Publisher = {Cognitive Science Society},
	Title = {Frequency Effects in the Processing of Unbounded Dependencies},
	Year = {2014}}

@article{fodor67,
	Author = {Janet A. Fodor and M. F. Garrett},
	Journal = {Perception and Pshychophisics},
	Pages = {282--296},
	Title = {Some syntactic determinants of sentential complexity},
	Volume = {2},
	Year = {1967}}


@phdthesis(Ross67,
  author  = {John R. Ross},
  title   = {Constraints on Variables in Syntax},
  type    = {Ph.D. Dissertation},
  school  = {MIT, Cambridge, Massachusetts. [Published in 1986 as \emph{Infinite Syntax!} Norwood, NJ: Ablex Publishing]},
  year   = 1967)


@article{abrusan,
	Author = {M\'{a}rta Abrus\'{a}n},
	Journal = {Natural Language Semantics},
	Pages = {257--321},
	Title = {Presuppositional and Negative Islands: A Semantic Account},
	Volume = {19},
	Year = {2011}}

@article{levinprince86,
	Author = {Nancy Levin and Ellen Prince},
	Journal = {Papers in Linguistics},
	Pages = {351--364},
	Title = {Gapping and Clausal Implicature},
	Volume = {19},
	Year = {1986}}

@article{kayne83,
	Author = {Richard Kayne},
	Journal = {Linguistic Inquiry},
	Pages = {223--249},
	Title = {Connectedness},
	Volume = {14},
	Year = {1983}}

@inproceedings{lakoff86,
	Address = {Chicago: Chicago Linguistic Society},
	Author = {George Lakoff},
	Booktitle = {Papers from the 22nd Regional Meeting of the Chicago Linguistic Society},
	Title = {{Frame Semantic Control of the Coordinate Structure Constraint}},
	Year = {1986}}

@article{shankweiler,
	Author = {Weijia Ni and Stephen Crain and Donald Shankweiler},
	Journal = {Language \& Cognitive Processes},
	Number = {3},
	Pages = {283--334},
	Title = {Sidestepping garden paths: Assessing the contributions of syntax, semantics and plausibility in resolving ambiguities},
	Volume = {11},
	Year = {1996}}

@inproceedings{Beavers,
	Author = {John Beavers and Ivan A. Sag},
	Booktitle = {Proceedings of the 11th International Conference on Head-Driven Phrase Structure Grammar, Katholieke Universiteit Leuven},
	Editor = {Stefan MÃ¼ller},
	Note = {http://cslipublications.stanford.edu/HPSG/5/},
	Pages = {48--69},
	Publisher = {Stanford: CSLI Publications.},
	Title = {Ellipsis and Apparent Non-Constituent Coordination},
	Year = {2004}}

@book{postal74,
	Author = {Paul M. Postal},
	Publisher = {Cambridge, Mass.: MIT Press.},
	Title = {On raising},
	Year = {1974}}

@book{freidin92,
	Author = {Robert Freidin},
	Publisher = {MIT Press, Cambridge, Mass.},
	Title = {Foundations of Generative Syntax},
	Year = {1992}}

@article{amy,
	Author = {G\'{e}rard Amy and Georges Noziet},
	Journal = {Journal of Psycholinguistic Research},
	Number = {3},
	Pages = {233--250},
	Title = {Memory requirements and local ambiguities of parsing strategies},
	Volume = {20},
	Year = {1978}}

@article{kayne81,
	Author = {Richard Kayne},
	Journal = {Linguistic Inquiry},
	Pages = {93--133},
	Title = {{ECP Extensions}},
	Volume = {12},
	Year = {1981}}

@article{kayne80,
	Author = {Richard Kayne},
	Journal = {Linguistic Inquiry},
	Pages = {75--96},
	Title = {Extensions of binding and Case-marking},
	Volume = {11},
	Year = {1980}}

@book{kuno87,
	Author = {Susumu Kuno},
	Publisher = {The University of Chicago Press, Chicago and London},
	Title = {Functional syntax -- anaphora, discourse and empathy},
	Year = {1987}}

@incollection{chavesf,
	Author = {Rui P. Chaves},
	Booktitle = {Freezing - Theoretical Approaches and Empirical Domains},
	Editor = {Jutta Hartmann and Marion Knecht and Andreas Konietzko and Susanne Winkler},
	Publisher = {De Gruyter},
	Title = {Freezing as a probabilistic phenomenon},
	Year = {2018}}

@article{lev91,
	Author = {Thomas Hukari and Robert Levine},
	Journal = {Natural Language and Linguistic Theory},
	Pages = {97--144},
	Title = {On the disunity of unbounded dependency constructions},
	Volume = {9},
	Year = {1991}}

@book{Culicover:Jackendoff:05,
	Author = {Peter Culicover and Ray S. Jackendoff},
	Publisher = {Oxford University Press},
	Title = {Simpler Syntax},
	Year = {2005}}

@article{sab,
	Author = {James Sabbagh},
	Journal = {Natural Language and Linguistic Theory},
	Number = {2},
	Pages = {349--401},
	Title = {Ordering and Linearizing Rightward Movement},
	Volume = {25},
	Year = {2007}}

@incollection{engdahl82,
	Author = {Elisabet Engdahl},
	Booktitle = {Readings on Unbounded Dependencies in Scandinavian Languages},
	Editor = {Elisabet Engdahl and Eva Ejerhed},
	Pages = {151--174},
	Publisher = {Stockholm: Almqvist and Wiksell International},
	Title = {Restrictions on unbounded dependencies in Swedish},
	Year = {1982}}

@incollection{Bresnan:77,
	Address = {New York},
	Author = {Joan Bresnan},
	Booktitle = {Formal Syntax},
	Editor = {Adrian Akmajian and Peter Culicover and Thomas Wasow},
	Publisher = {Academic Press},
	Title = {Variables in the Theory of Transformations},
	Year = {1977}}

@inproceedings{goldsmith,
	Address = {Chicago: Chicago Linguistic Society},
	Author = {John Goldsmith},
	Booktitle = {Papers from the Twenty-First Annual Regional Meeting of the Chicago Linguistic Society},
	Pages = {133--143},
	Title = {{A Principled Exception to the Coordinate Structure Constraint}},
	Year = {1985}}

@phdthesis{huang82,
	Author = {Cheng-Teh James Huang},
	School = {MIT, Cambridge, Massachusetts},
	Title = {Logical relations in Chinese and the theory of grammar},
	Type = {Ph.D Dissertation},
	Year = {1982}}

@article{lasnikpark,
	Author = {Howard Lasnik and Myung-Kwan Park},
	Journal = {Linguistic Inquiry},
	Pages = {649--660},
	Title = {The EPP and the subject condition under sluicing},
	Volume = {34},
	Year = {2003}}

@inproceedings{hegarty90,
	Author = {Michael Hegarty},
	Booktitle = {MIT Working Papers in Linguistics 13},
	Editor = {Lisa L.S. Cheng and Hamida Demirdash},
	Pages = {101--124},
	Title = {On adjunct extraction from complements},
	Year = {1990}}

@article{fodor78,
	Author = {Janet Dean Fodor},
	Journal = {Linguistic Inquiry},
	Pages = {427--473},
	Title = {Parsing strategies and constraints on transformations},
	Volume = {9},
	Year = {1978}}

@article{gazdar,
	Author = {Gerald Gazdar},
	Journal = {Linguistic Inquiry},
	Number = {2},
	Pages = {155--184},
	Title = {Unbounded Dependencies and Coordinate Structure},
	Volume = {12},
	Year = {1981}}

@book{winter01,
	Author = {Yoad Winter},
	Publisher = {MIT Press, Cambridge, Massachusetts},
	Title = {Flexibility Principles in Boolean Semantics: coordination, plurality and scope in natural language},
	Year = {2001}}

@article{munn99atb,
	Author = {Alan Munn},
	Journal = {Natural Language Semantics},
	Pages = {421--425},
	Title = {On the identity requirement of {ATB} extraction},
	Volume = {7},
	Year = {1999}}

@inproceedings{Levine:Sag:03,
	Address = {Stanford},
	Author = {Robert D. Levine and Ivan A. Sag},
	Booktitle = {Proceedings of the HPSG-2003 Conference, Michigan State University, East Lansing},
	Editor = {Stefan MÃ¼ller},
	Pages = {236--256},
	Publisher = {CSLI Publications},
	Title = {Some empirical issues in the grammar of extraction},
	Year = {2003}}

@article{tsiam,
	Author = {Jim Tsiamtsiouris and Helen Smith Cairns},
	Journal = {Journal of Speech, Language, and Hearing Research},
	Number = {6},
	Pages = {1623--1639},
	Title = {Effects of syntactic complexity and sentence-structure priming on speech initiation time in adults who stutter},
	Volume = {52},
	Year = {2009}}

@article{carreras,
	Author = {Manuel Carreiras},
	Journal = {Cognitiva},
	Number = {1},
	Pages = {3--27},
	Title = {Estrategias de an{\'{a}}lisis sint{\'{a}}ctico en el procesamiento de frases: cierre temprano versus cierre tard{\'{i}}o},
	Volume = {4},
	Year = {1992}}

@article{kuno74,
	Author = {Susumu Kuno},
	Journal = {Linguistic Inquiry},
	Number = {1},
	Pages = {117 -- 136},
	Title = {The position of relative clauses and conjunctions},
	Volume = {5},
	Year = {1974}}

@incollection{rochemont,
	Author = {Michael S. Rochemont},
	Booktitle = {Island Constraints: Theory, Acquisition and Processing},
	Editor = {H. Goodluck and M.S. Rochemont},
	Publisher = {Kluwer Academic Publishers, Dordrecht},
	Title = {Bounding rightward A-bar dependencies},
	Year = {1992}}

@incollection{strunk,
	Author = {Jan Strunk and Neal Snider},
	Booktitle = {Rightward Movement in a Comparative Perspective},
	Editor = {Gert Webelhuth and Manfred Sailer and Heike Walker},
	Publisher = {Amsterdam: John Benjamins},
	Title = {Subclausal locality constraints on relative clause extraposition},
	Year = {2013}}

@article{freezing,
	Author = {Philip Hofmeister and Peter Culicover and Susanne Winkler},
	Journal = {Syntax,},
	Number = {4},
	Pages = {464--483},
	Title = {Effects of processing on the acceptability of `frozen' extraposed constituents},
	Volume = {18},
	Year = {2015}}

@techreport{witten,
	Author = {Edward Witten},
	Institution = {The Computational Laboratory of Harvard University, Cambridge, Massachusetts},
	Title = {Centrality},
	Type = {Report No. {NSF}--28 to The National Science Foundation},
	Year = {1972}}

@article{kutasetal,
	Author = {Marta Kutas and Mireille Besson and Cyma Van Petten},
	Journal = {Electroencephalography and Neurophysiology},
	Pages = {218--233},
	Title = {Event-related potential asymmetries during the reading of sentences},
	Volume = {69},
	Year = {1988}}

@book{culicover87,
	Address = {New York},
	Author = {Peter Culicover},
	Publisher = {Oxford University Press},
	Title = {Principles and parameters: An introduction to syntactic theory},
	Year = {1997}}
