
@article{Jackendoff1975,
	Author = {Jackendoff, Ray},
	Journal = {Language},
	Pages = {639--671},
	Series = {3},
	Title = {Morphological and semantic regularities in the lexicon},
	Volume = {51},
	Year = {1975}}

@book{Carpenter1992,
	Address = {Cambridge},
	Author = {Carpenter, Bob},
	Number = {32},
	Publisher = {Cambridge University Press},
	Series = {Cambridge Tracts in Theoretical Computer Science},
	Title = {The Logic of Typed Feature Structures},
	Year = {1992}}

@incollection{Broadwell2008,
	Address = {Stanford},
	Author = {Broadwell, George Aaron},
	Booktitle = {Proceedings of the {LFG08} Conference},
	Editor = {Miriam Butt and Tracy Holloway King},
	Pages = {198--213},
	Publisher = {CSLI Publications},
	Title = {Turkish suspended affixation is lexical sharing},
	Year = {2008}}

@book{Goldberg1995-duplicate-fixed,
	Address = {Chicago},
	Author = {Goldberg, Adele},
	Publisher = {Chicago University Press},
	Series = {Cognitive Theory of Language and Culture Series},
	Title = {Constructions: A Construction Grammar Approach to Argument Structure},
	Year = {1995}}

@incollection{Monachesi1993,
	Address = {Utrecht},
	Author = {Paola Monachesi},
	Booktitle = {Proceedings of the Sixth Conference of the {European} Chapter of the {Association} for {Computational} {Linguistics}},
	Pages = {437--442},
	Title = {Object Clitics and Clitic Climbing in {Italian} {HPSG} Grammar},
	Year = {1993}}

@article{KimandSag2002,
	Author = {Jong-Bok Kim and Ivan Sag},
	Journal = {Natural Language and Linguistic Theory},
	Number = {2},
	Pages = {339--412},
	Title = {Negation Without Head Movement},
	Volume = {20},
	Year = {2002}}

@book{PollardandSag1987-removed-lex,
	Address = {Stanford, CA},
	Author = {Pollard, Carl and Sag, Ivan},
	Number = {13},
	Publisher = {CSLI Publications},
	Series = {Lecture Notes},
	Title = {Information-based Syntax and Semantics},
	Year = {1987}}

@article{Sag1997-removed,
	Author = {Sag, Ivan},
	Journal = {Journal of Linguistics},
	Number = {2},
	Pages = {431--483},
	Title = {English relative clauses},
	Volume = {33},
	Year = {1997}}

@book{Davis2001,
	Address = {Stanford},
	Author = {Anthony Davis},
	Publisher = {CSLI Publications},
	Series = {Studies in Constraint-Based Lexicalism},
	Title = {Linking by Types in the Hierarchical Lexicon},
	Year = {2001}}

@article{Mueller2010,
	Author = {Stefan Müller},
	Journal = {Journal of Linguistics},
	Number = {3},
	Pages = {601--655},
	Title = {Persian complex predicates and the limits of inheritance-based analyses},
	Volume = {46},
	Year = {2010}}

@inproceedings{Lahm2016,
	Address = {Stanford, CA},
	Author = {Lahm, David},
	Booktitle = {Proceedings of the Joint 2016 Conference on {Head}-driven {Phrase} {Structure} {Grammar} and {Lexical} {Functional} {Grammar}, {Polish} {Academy} of {Sciences}},
	Editor = {Arnold, Doug and Butt, Miriam and Crysmann, Berthold and King, Tracy Holloway and Müller, Stefan},
	Optissn = {1535-1793, 1098-6782},
	Pages = {360--379},
	Publisher = {CSLI Publications},
	Title = {Refining the semantics of lexical rules in HPSG},
	Url = {http://cslipublications.stanford.edu/HPSG/2016/headlex2016-lahm.pdf},
	Year = {2016},
	Bdsk-Url-1 = {http://cslipublications.stanford.edu/HPSG/2016/headlex2016-lahm.pdf}}

@article{LascaridesandCopestake1999,
	Author = {Alex Lascarides and Ann Copestake},
	Journal = {Computational Linguistics},
	Number = {1},
	Pages = {55--105},
	Title = {Default Representation in Constraint{-}based Frameworks},
	Volume = {25},
	Year = {1999}}

@article{Mueller2015,
	Author = {Stefan {M\"uller}},
	Journal = {Journal of Language Modelling},
	Pages = {21--86},
	Title = {The {CoreGram} Project: Theoretical Linguistics, Theory Development and Verification},
	Volume = {3},
	Year = {2015}}

@article{Mueller2018-removed,
	Author = {Stefan {M\"uller}},
	Journal = {Language},
	Pages = {e54--e66},
	Title = {The end of lexicalism as we know it},
	Volume = {94},
	Year = {2018}}

@incollection{Chomsky1970,
	Address = {Boston},
	Author = {Chomsky, Noam},
	Booktitle = {Readings in {English} Transformational Grammar},
	Editor = {Jacobs, Roderick A. and Rosenbaum, Peter S.},
	Pages = {184--221},
	Publisher = {Ginn},
	Title = {Remarks on Nominalization},
	Year = {1970}}

@incollection{HalleandMarantz1993,
	Address = {Cambridge, MA},
	Author = {Morris Halle and Alec Marantz},
	Booktitle = {The view from Building 20},
	Editor = {Kenneth Hale and Samuel Jay Keyser},
	Number = {24},
	Pages = {111--176},
	Publisher = {MIT Press},
	Series = {Current Studies in Linguistics},
	Title = {Distributed Morphology and the Pieces of Inflection},
	Year = {1993}}

@incollection{BonamiandBoye2001,
	Address = {Stanford},
	Author = {Olivier Bonami and Gilles {Boy\'e}},
	Booktitle = {Proceedings of the 2001 {HPSG} conference},
	Editor = {van Eyde, Frank and Lars Hellan and Dorothee Beermann},
	Pages = {51--70},
	Publisher = {CSLI Publications},
	Title = {Suppletion and dependency in inflectional morphology},
	Year = {2001}}

@incollection{Stump1993b,
	Author = {Gregory Stump},
	Booktitle = {Yearbook of {Morphology}},
	Editor = {Booij, Gert and van Marle, Jaap},
	Journal = {Yearbook of Morphology},
	Pages = {129--180},
	Publisher = {Kluwer},
	Title = {Position classes and morphological theory},
	Year = {1993}}

@article{Meurers2001,
	Author = {Detmar Meurers},
	Journal = {Nordic Journal of Linguistics},
	Number = {2},
	Pages = {161--217},
	Title = {On Expressing Lexical Generalizations in {HPSG}},
	Volume = {24},
	Year = {2001}}

@conference{Crysmann2000b,
	Address = {Berkeley, CA},
	Author = {Berthold Crysmann},
	Booktitle = {7th International Conference on {Head}-driven {Phrase} {Structure} {Grammar}},
	Title = {On the Placement and Morphology of {Udi} Subject Agreement},
	Year = {2000}}

@incollection{Crysmann2000a-lex,
	Address = {Amsterdam},
	Author = {Berthold Crysmann},
	Booktitle = {Clitics in Phonology, Morphology and Syntax},
	Editor = {Birgit Gerlach and Janet Grijzenhout},
	Pages = {121--159},
	Publisher = benjamins,
	Title = {Clitics and Coordination in Linear Structure},
	Year = {2000}}

@incollection{Wechsler1999,
	Address = {Stanford, CA},
	Author = {Stephen Wechsler},
	Booktitle = {Lexical and Constructional Aspects of Linguistic Explanation},
	Editor = {Gert Webelhuth and Jean-Pierre Koenig and Andreas Kathol},
	Pages = {179--195},
	Publisher = {CSLI publications},
	Series = {Studies in Constraint-Based Lexicalism},
	Title = {{HPSG}, {GB}, and the {Balinese} Bind},
	Year = {1999}}

@book{GinzburgandSag2001-remove,
	Address = {Stanford, CA},
	Author = {Jonathan Ginzburg and Ivan Sag},
	Number = {123},
	Publisher = {CSLI Publications},
	Series = {Lecture Notes},
	Title = {Interrogative Investigations: {The} Form, Meaning, and Use of {English} Interrogatives},
	Year = {2001}}

@article{BriscoeandCopestake1999,
	Author = {Ted Briscoe and Ann Copestake},
	Journal = {Computational Linguistics},
	Number = {4},
	Pages = {487--526},
	Title = {Lexical Rules in Constraint-based Grammars},
	Volume = {25},
	Year = {1999}}

@incollection{Booij2005,
	Address = {Amsterdam},
	Author = {Gert Booij},
	Booktitle = {Morphology and its demarcations},
	Editor = {Wolfgang Dressler and Dieter Kastovsky and Oskar Pfeiffer and Franx Rainer},
	Number = {264},
	Pages = {109--132},
	Publisher = {John Benjamins},
	Series = {Current Issues in Linguistic Theory},
	Title = {Compounding and derivation: Evidence for {Construction} {Morphology}},
	Year = {2005}}

@article{MillerandSag1997,
	Author = {Philip Miller and Ivan Sag},
	Journal = {Natural Language and Linguistic Theory},
	Number = {3},
	Pages = {573--639},
	Title = {French clitic movement without clitics or movement},
	Volume = {15},
	Year = {1997}}

@article{DavisandKoenig2000b,
	Author = {Anthony Davis and Jean-Pierre Koenig},
	Journal = {Language},
	Number = {1},
	Pages = {56--91},
	Title = {Linking as constraints on word classes in a hierarchical lexicon},
	Volume = {76},
	Year = {2000}}

@incollection{Mueller2007b-removed,
	Address = {Stanford},
	Author = {Stefan Müller},
	Booktitle = {Grammar Engineering across Frameworks 2007},
	Editor = {Tracy Holloway King and Emily M. Bender},
	Pages = {259--266},
	Publisher = {CSLI Publications},
	Series = {Studies in Computational Linguistics ONLINE},
	Title = {The {Grammix CD Rom}. A Software Collection for Developing Typed Feature Structure Grammars},
	Url = {https://hpsg.hu-berlin.de/~stefan/Pub/grammix.html},
	Year = {2007},
	Bdsk-Url-1 = {https://hpsg.hu-berlin.de/~stefan/Pub/grammix.html}}

@phdthesis{Tegey1977,
	Address = {Urbana-Champaign},
	Author = {Tegey, Habibullah},
	School = {University of Illinois at Urbana-Champaign},
	Title = {The grammar of clitics: Evidence from {Pashto} and other languages},
	Year = {1977}}

@article{Chaves2014,
	Author = {Rui Chaves},
	Journal = {Language},
	Number = {4},
	Pages = {834--886},
	Title = {On the disunity of right-node raising phenomena: Extraposition, ellipsis, and deletion},
	Volume = {90},
	Year = {2014}}

@article{Kay2002,
	Author = {Paul Kay},
	Journal = {Grammars},
	Pages = {1--19},
	Title = {An informal sketch of a formal architecture for {Construction} {Grammar}},
	Volume = {5},
	Year = {2002}}

@article{Harris2000,
	Author = {Alice Harris},
	Journal = {Language},
	Number = {3},
	Pages = {593--616},
	Title = {Where in the Word is the {Udi} Clitic?},
	Volume = {76},
	Year = {2000}}

@article{BresnanandMchombo1995,
	Author = {Joan Bresnan and Sam Mchombo},
	Journal = {Natural Language and Linguistic Theory},
	Number = {2},
	Pages = {181--254},
	Title = {The {Lexical} {Integrity} {Principle}: Evidence from {Bantu}},
	Volume = {13},
	Year = {1995}}

@phdthesis{Crysmann2002,
	Address = {{Saarbr\"ucken}},
	Author = {Berthold Crysmann},
	School = {University of Saarland},
	Title = {Constraint-based Coanalysis: {Portuguese} cliticisation and morphology-syntax interaction in {HPSG}},
	Year = {2002}}

@phdthesis{Flickinger1987,
	Address = {Stanford},
	Author = {Flickinger, Daniel},
	School = {Stanford University},
	Title = {Lexical rules in the hierarchical lexicon},
	Year = {1987}}

@article{Dowty1978,
	Author = {David Dowty},
	Journal = {Linguistic Inquiry},
	Pages = {393--426},
	Title = {Transformations as Lexical Rules in a Montague Grammar},
	Volume = {9},
	Year = {1978}}

@phdthesis{King1989,
	Address = {Manchester},
	Author = {King, Paul},
	School = {University of Manchester},
	Title = {A Logical Formalism for Head-Driven Phrase Structure Grammar},
	Year = {1989}}

@phdthesis{Richter2000,
	Address = {{T\"ubingen}},
	Author = {Frank Richter},
	School = {University of {T\"ubingen}},
	Title = {A Mathematical Formalism for Linguistic Theories with an Application in {Head-driven} {Phrase} {Structure} {Grammar}},
	Year = {2000}}

@article{Mueller2006,
	Author = {Stefan Müller},
	Journal = {Language},
	Number = {4},
	Pages = {850--883},
	Title = {Phrasal or Lexical Constructions?},
	Volume = {82},
	Year = {2006}}

@book{Copestake2002,
	Address = {Stanford},
	Author = {Ann Copestake},
	Number = {110},
	Publisher = {CSLI Publications},
	Series = {{CSLI} Lecture Notes},
	Title = {Implementing typed feature structures},
	Year = {2002}}

@book{DiSciulloandWilliams1987,
	Address = {Cambridge, MA},
	Author = {Di Sciullo, Anna-Maria and Williams, Edwin},
	Number = {14},
	Publisher = {MIT Press},
	Series = {Linguistic Inquiry Monographs},
	Title = {On the Definition of Word},
	Year = {1987}}

@phdthesis{Baldridge2002,
	Address = {Edinburgh},
	Author = {Jason Baldridge},
	School = {University of Edinburgh},
	Title = {Lexically Specified Derivational Control in {Combinatory} {Categorial} {Grammar}},
	Year = {2002}}

@article{Bruening2018,
	Author = {Benjamin Bruening},
	Journal = {Language},
	Number = {1},
	Pages = {1--42},
	Title = {The lexicalist hypothesis: Both wrong and superfluous},
	Volume = {94},
	Year = {2018}}

@incollection{vanTrijp2011,
	Address = {Amsterdam},
	Author = {van Trijp, Remi},
	Booktitle = {Design patterns in {Fluid} {Construction} {Grammar}},
	Editor = {Luc Steels},
	Number = {11},
	Pages = {115--145},
	Publisher = {John Benjamins Publishing},
	Series = {Constructional Approaches to Language},
	Title = {A design pattern for argument structure constructions},
	Year = {2011}}

@phdthesis{Roberts2000,
	Address = {Cambridge, MA},
	Author = {Roberts, Taylor},
	School = {MIT},
	Title = {Clitics and agreement},
	Year = {2000}}

@incollection{Dost2007,
	Address = {Stanford, CA},
	Author = {Ascander Dost},
	Booktitle = {{Texas Linguistic Society IX}: The Morphosyntax of Underrepresented Languages},
	Editor = {Frederick Hoyt and Nikki Seifert and Alexandra Teodorescu and Jessica White},
	Pages = {89--110},
	Publisher = {CSLI Publications},
	Title = {A Domain-Based Approach to Second Position Clitics in {P}ashto},
	Year = {2007}}

@book{Jackendoff1990,
	Address = {Cambridge, MA},
	Author = {Jackendoff, Ray},
	Number = {18},
	Publisher = {MIT Press},
	Series = {Current Studies in Linguistics},
	Title = {Semantic Structures},
	Year = {1990}}

@incollection{Carpenter1992b,
	Address = {New York, NY},
	Author = {Bob Carpenter},
	Booktitle = {Formal Grammar: Theory and Implementation},
	Editor = {Bob Levine},
	Number = {2},
	Pages = {168--242},
	Publisher = {Oxford University Press},
	Series = {New Directions in Cognitive Science},
	Title = {Categorial {Grammars}, Lexical Rules, and the {English} Predicative},
	Year = {1992}}

@incollection{EmersonandCopestake2015,
	Address = {Stanford},
	Author = {Guy Emerson and Ann Copestake},
	Booktitle = {Proceedings of the 22nd International Conference on Head-Driven Phrase Structure Grammar},
	Editor = {Stefan {M\"uller}},
	Pages = {75--95},
	Publisher = {CSLI},
	Title = {Lacking Integrity: {HPSG} as a Morphosyntactic Theory},
	Year = {2015}}

@article{BrachmanandSchmolze1985,
	Author = {Brachman, Ronald and Schmolze, James},
	Journal = {Cognitive Science},
	Number = {2},
	Pages = {171--216},
	Series = {2},
	Title = {An Overview of the {KL-ONE} Knowledge Representation System},
	Volume = {9},
	Year = {1985}}

@article{Chaves2008,
	Author = {Rui Chaves},
	Journal = {Linguistics and Philosophy},
	Number = {3},
	Pages = {261--307},
	Title = {Linearization-Based Word-Part Ellipsis},
	Volume = {31},
	Year = {2008}}

@book{Lakoff1970,
	Address = {New York},
	Author = {Lakoff, George},
	Publisher = {Holt, Rinehart, and Winston},
	Series = {Transatlantic series in linguistics},
	Title = {Irregularity in Syntax},
	Year = {1970}}

@article{Boumaetal2001,
	Author = {Gosse Bouma and Robert Malouf and Ivan Sag},
	Journal = {Natural Language and Linguistic Theory},
	Number = {1},
	Pages = {1--65},
	Title = {Satisfying constraints on extraction and adjunction},
	Volume = {19},
	Year = {2001}}

@incollection{Borer2003,
	Address = {Stanford},
	Author = {Hagit Borer},
	Booktitle = {The Nature of Explanation in Linguistic Theory},
	Editor = {John Moore and Maria Polinsky},
	Number = {162},
	Pages = {31--67},
	Publisher = {CSLI Publications},
	Series = {{CSLI} Lecture Notes},
	Title = {Exo-Skeletal vs. Endo-Skeletal Explanations: Syntactic Projections and the Lexicon},
	Year = {2003}}

@article{Haspelmath2011,
	Author = {Martin Haspelmath},
	Journal = {Folia Linguistica},
	Number = {1},
	Pages = {31--80},
	Title = {The indeterminacy of word segmentation and the nature of morphology and syntax},
	Volume = {45},
	Year = {2011}}

@article{Riehemann1998,
	Author = {Susanne Z. Riehemann},
	Journal = {The Journal of Comparative Germanic Linguistics},
	Number = {1},
	Pages = {49--77},
	Title = {Type-Based Derivational Morphology},
	Volume = {2},
	Year = {1998}}

@inproceedings{KoenigandDavis2003-duplicate-removed-lex,
	Address = {Stanford},
	Author = {Jean-Pierre Koenig and Anthony Davis},
	Booktitle = {Proceedings of the {HPSG} 2003 Conference},
	Editor = {Stefan Müller},
	Pages = {222--235},
	Publisher = {CSLI Publications},
	Title = {Semantically Transparent Linking in {HPSG}},
	Year = {2003}}

@inproceedings{KoenigandJurafsky1994,
	Address = {Stanford},
	Author = {Koenig, Jean-Pierre and Jurafsky, Daniel},
	Booktitle = {Proceedings of {WCCFL} {XIII}},
	Pages = {270--285},
	Publisher = {CSLI Publications},
	Title = {Type Underspecification and On-line Type Construction in the Lexicon},
	Year = {1994}}

@incollection{Marantz1997,
	Address = {Philadelphia},
	Author = {Alec Marantz},
	Booktitle = {University of Pennsylvania Working Papers in Linguistics},
	Editor = {A. Dimitriadis and L. Siegel and C. Surek-Clark and A. Williams},
	Number = {2},
	Owner = {jpkoenig},
	Pages = {201--225},
	Publisher = {University of Pennsylvania Linguistics Department},
	Timestamp = {2016.01.10},
	Title = {No escape from Syntax: Don't try morphological analysis in the privacy of your own lexicon},
	Volume = {4},
	Year = {1997}}

@book{Anderson2005,
	Address = {Oxford},
	Author = {Stephen Anderson},
	Number = {11},
	Publisher = {Oxford University Press},
	Series = {Oxford Studies in Theoretical Linguistics},
	Title = {Aspects of the Theory of Clitics},
	Year = {2005}}

@book{Malouf2000b,
	Address = {Stanford, CA},
	Author = {Robert Malouf},
	Publisher = {CSLI Publications},
	Series = {Studies in Constraint-Based Lexicalism},
	Title = {Mixed Categories in the Hierarchical Lexicon},
	Year = {2000}}

@book{Tomasello2003,
	Address = {Cambridge, MA},
	Author = {Michael Tomasello},
	Publisher = {Harvard University Press},
	Title = {Constructing a language: A usage-based theory of language acquisition},
	Year = {2003}}

@book{Embick2015,
	Address = {Berlin},
	Author = {David Embick},
	Publisher = {de Gruyter Mouton},
	Title = {The Morpheme: A Theoretical Introduction},
	Year = {2015}}

@incollection{BonamiandCrysmann2016,
	Address = {Cambridge},
	Author = {Olivier Bonami and Berthold Crysmann},
	Booktitle = {The {Cambridge} Handbook of Morphology},
	Editor = {Andrew Hippisley and Gregory Stump},
	Pages = {609--656},
	Publisher = {Cambridge University Press},
	Series = {Cambridge Handbooks in Language and Linguistics},
	Title = {Morphology in Constraint-based Lexicalist Approaches to Grammar},
	Year = {2016}}

@incollection{Reape1994,
	Address = {Stanford University},
	Author = {Reape, Mike},
	Booktitle = {German in {Head} Driven {Phrase} {Structure} {Grammar}},
	Editor = {John Nerbonne and Klaus Netter and Carl Pollard},
	Number = {46},
	Pages = {151--197},
	Publisher = {CSLI Publications},
	Series = {CSLI Lecture Notes},
	Title = {Domain Union and Word Order Variation in German},
	Year = {1994}}

@incollection{Przepiorkowski2001,
	Author = {Adam {Przepi\'orkowski}},
	Booktitle = {Proceedings of the 7th International Conference on Head-Driven Phrase Structure Grammar},
	Editor = {Dan Flickinger and Andreas Kathol},
	Pages = {267--284},
	Publisher = {CSLI Publications},
	Title = {{ARG-ST} on phrases: Evidence from {Polish}},
	Year = {2001}}

@book{Bochner1993,
	Address = {Berlin},
	Author = {Bochner, Harry},
	Number = {37},
	Publisher = {Mouton de Gruyter},
	Series = {Publications in Language Sciences},
	Title = {Simplicity in {Generative} {Morphology}},
	Year = {1993}}

@book{Koenig1999c,
	Address = {Stanford},
	Author = {Jean-Pierre Koenig},
	Publisher = {CSLI Publications},
	Series = {Stanford Monographs in Linguistics},
	Title = {Lexical Relations},
	Year = {1999}}

@book{AckermanandWebelhuth1998,
	Address = {Stanford, CA},
	Author = {Farrell Ackerman and Gert Webelhuth},
	Number = {76},
	Publisher = {CSLI Publications},
	Series = {{CSLI} Lecture Notes},
	Title = {A Theory of Predicates},
	Year = {1998}}

@article{McCawley1982,
	Author = {McCawley, James D.},
	Journal = {Linguistic Inquiry},
	Number = {1},
	Pages = {91--106},
	Title = {Parentheticals and Discontinuous Constituent Structure},
	Volume = {13},
	Year = {1982}}

@inproceedings{Flickingeretal1985,
	Address = {Chicago},
	Author = {Dan Flickinger and Carl Pollard and Thomas Wasow},
	Booktitle = {Proceedings of the {23$^{rd}$} Annual Meeting of the {Association} for {Computational} {Linguistics}},
	Pages = {262--267},
	Title = {Structure-Sharing in Lexical Representation},
	Year = {1985}}

@book{PollardandSag1994-removed-lex,
	Address = {Chicago, IL},
	Author = {Pollard, Carl and Sag, Ivan},
	Comment = {4 might be the number in the series},
	Publisher = {Chicago University Press},
	Series = {Studies in Contemporary Linguistics},
	Title = {Head-driven {Phrase}-{Structure} {Grammar}},
	Year = {1994}}

@article{CopestakeandBriscoe1995,
	Author = {Ann Copestake and Ted Briscoe},
	Issue = {1},
	Journal = {Journal of Semantics},
	Number = {1},
	Pages = {15--67},
	Title = {Semi-productive polysemy and sense extension},
	Volume = {12},
	Year = {1995}}

@article{CrysmannandBonami2016-remove-incomplete-lex,
	Author = {Berthold Crysmann and Olivier Bonami},
	Journal = {Journal of Linguistics},
	Number = {2},
	Pages = {311--374},
	Title = {Variable morphotactics and {Information}-based {Morphology}},
	Volume = {52},
	Year = {2016}}

@book{Kathol1999,
	Address = {Oxford},
	Author = {Andreas Kathol},
	Publisher = {Oxford University Press},
	Series = {Oxford Linguistics},
	Title = {Linearization-based Syntax},
	Year = {1999}}

@article{PollardandSag1992,
	Author = {Pollard, Carl and Sag, Ivan},
	Journal = {Linguistic Inquiry},
	Number = {2},
	Pages = {261--303},
	Title = {Anaphors in {English} and the Scope of {Binding} {Theory}},
	Volume = {23},
	Year = {1992}}

@inproceedings{CopestakeandBriscoe1991,
	Address = {Berlin},
	Author = {Ann Copestake and Ted Briscoe},
	Booktitle = {Lexical Semantics and Knowledge Representation},
	Editor = {James Pustejovsky and Sabine Bergler},
	Pages = {101--119},
	Publisher = {Springer Verlag},
	Series = {Lecture Notes in Computer Science},
	Title = {Lexical Operations in a Unification-based Framework},
	Year = {1991}}

@book{Anderson1992,
	Address = {Cambridge},
	Author = {Anderson, Stephen},
	Number = {62},
	Publisher = {Cambridge University Press},
	Series = {Cambridge Studies in Linguistics},
	Title = {A-Morphous Morphology},
	Year = {1992}}

@article{Pustejovsky1991,
	Author = {Pustejovsky, James},
	Journal = {Computational Linguistics},
	Pages = {409--441},
	Series = {4},
	Title = {The Generative Lexicon},
	Volume = {17},
	Year = {1991}}

@book{Pustejovsky1995,
	Address = {Cambridge, MA},
	Author = {James Pustejovsky},
	Publisher = {MIT Press},
	Series = {Language, Speech, and Communication},
	Title = {The Generative Lexicon},
	Year = {1995}}

@incollection{PustejovskyandJezek1996,
	Address = {{Portoro\v{z}}, Slovenia},
	Author = {James Pustejovsky and Elisabetta Jezek},
	Booktitle = {Proceedings of {LREC} 2016},
	Title = {Integrating {Generative} {Lexicon} and Lexical Semantic Resources},
	Year = {1996}}
