@article{dummylfg
author = {Joe Example}
}