@ARTICLE{kim:18,
  AUTHOR =       {Kim, Jong-Bok},
  TITLE =        {Expressing sentential negation across languages: A construction-based HPSG perspective},
  JOURNAL =      {Linguistic Research},
  YEAR =         {2018},
  volume =       {35},
  number =       {3},
  pages =        {583--623},
  }




@ARTICLE{kimsells:2011,
  author =       {Kim, Jong-Bok and Peter Sells},
  title =        {The Big Mess Construction: interactions between the lexicon and constructions.},
  journal =      { English Language and Linguistics},
  year =         {2011},
  volume =       {15},
    pages =        {335-362},
  }


@unpublished{AG:94,
 author = {Abeill\'{e}, Anne and Dani\`{e}le Godard},
 year = {1994},
 title = {The Syntax of French Auxiliaries},
 note = {Ms. UFRL and CNRS, Universit\'{e} Paris 7}}


@ARTICLE{AG:2002,
  AUTHOR =       {Abeill\'{e}, Anne and Dani\`{e}le Godard},
  TITLE =        {The Syntactic
 Structure of French Auxiliaries},
  JOURNAL =      {Language},
  YEAR =         {2002},
  volume =       {78},
  number =       {3},
  pages =        {404--452},
 }

@InCollection{AG:97,
author= {Abeill\'{e}, Anne and Dani\`{e}le Godard},
title={The Syntax of French Negative Adverbs},
year = {1997},
booktitle = {Negation and Polarity: Syntax and Semantics},
editor = {M.-L. Rivero},
publisher = {Amsterdam: John Benjamins},
pages = {1--27}}

@article{Dryer:05,
 author = {Dryer, Matthew S},
 journal = {The World Atlas of Language Structures},
 volume = {},
 pages = {454--457},
 title = {Negative Morphemes},
 year = {2005}}

@article{Pollock:89,
 journal = {Linguistic Inquiry},
 volume = {20},
 pages = {365--424},
 title = {Verb Movement, Universal Grammar, and the Structure of IP},
 author = {Pollock, Jean-Yves},
 year = {1989}}

@InCollection{Pollock:94,
author= {Pollock, Jean-Yves},
title={Checking Theory and Bare Verbs Studies in Honor of Richard S. Kayne},
year = {1994},
booktitle = {Paths towards Universal Grammar},
editor = {Cinque, Gulielmo et al},
publisher = {Georgetown University Press},
pages = {293--310}}

@article{Emonds:78,
 journal = {Linguistic Inquiry},
 volume = {9},
 pages = {151--175},
 title = {The Verbal Complex {V$'$}-V in French},
 author = {Emonds, Joseph},
 year = {1978}}

@BOOK{Belletti:90,
  author =       {Belletti, Adriana},
  TITLE =        {Generalized Verb Movement},
  PUBLISHER =    {Torino: Rosenberg and Sellier},
  YEAR =         {1990}}

@phdthesis{Zanuttini:91,
  author = {Zanuttini, Raffaella},
  title  = {Syntactic Properties of Sentential Negation: A Comparative Studies of Romance Languages},
  type = {PhD  Dissertation},
  school = {University of Pennsylvania},
  year = {1991}}

@InCollection{Zanuttini:97,
author= {Raffaella Zanuttini},
title={Negation and verb movement},
year = {1997},
booktitle = {The New Comparative Syntax},
editor = {L. Hageman},
publisher = {London and New York: Longman},
pages = {214--245}}

@BOOK{Zanuttini:01,
  author =       {Raffaella Zanuttini},
  TITLE =        {Negation and Clausal Structure},
  PUBLISHER =    {Oxford: Oxford University Press},
  YEAR =         {2001}}

@BOOK{Baker:89,
  author =       {Baker, Curtis L.},
  TITLE =        {English Syntax},
  PUBLISHER =    {Cambridge, MA: The MIT Press},
  YEAR =         {1989}}

@article{Baker:91,
 journal = {Linguistic Inquiry},
 volume = {22},
 pages = {387--429},
 title = {The Syntax of English {\it Not}: The Limits of Core Grammar},
 author = {Baker, Curtis L.},
 year = {1991}}



@article{BJ:00,
 journal = {Transactions of the Philological Society},
 volume = {98(1)},
 pages = {15--47},
 title = {The Syntax of Welsh Negation},
 author = {Borsley, Robert and Bob Jones},
 year = {2000}}

@article{Bo:14,
 author = {Bo\v{s}kovi\'{c}, \v{Z}eljko},
 journal = {Linguistic inquiry},
 volume = {45(1)},
 pages = {27--89},
 title = {Now I'm a phase, now I'm not a phase: On the variability of phases with extraction and ellipsis.},
 year = {2014}}


@phdthesis{Bratt:96,
  author = {Bratt, Elizabeth Owen},
  title  = {Argument Composition and the Lexicon: Lexical and Periphrastic Causatives in Korean},
  type = {PhD  Dissertation},
  school = {Stanford University, MA},
  year = {1996}}


@article{BM:95,
 journal = {Natural Language and Linguistic Theory},
 volume = {13},
 pages = {181--254},
 title = {The Lexical Integrity Principle: Evidence from Bantu},
 author = {Bresnan, Joan and Sam A. Mchombo},
 year = {1991}}


 @InCollection{BW:13,
  author	= {Olivier Bonami and Gert Webelhuth},
  title		= {The phrase-structural diversity of periphrasis: a lexicalist account},
  BOOKTITLE =    {Periphrasis : The role of syntax and morphology in paradigms},
  PUBLISHER =    {Oxford University Press},
  YEAR =         {2013},
  editor =       {Marina Chumakina and Greville G. Corbett},
  pages =        {141-167}
}






@InCollection{Bresnan:01,
author= {Bresnan, Joan},
title={Explaining Morphosyntactic Competition},
year = {2001},
booktitle = {Handbook of Contemporary Syntactic Theory},
editor = {Mark Baltin and Chris Collins},
publisher = {Oxford: Blackwell Publishers},
pages = {11--44}}

@InCollection{Chomsky:89,
author= {Chomsky, Noam},
title={Some Notes on Economy of Derivation and Representation},
year = {1989},
booktitle = {MIT Working Papers in Linguistics},
editor = {I. Laka and A.Mahajan},
publisher = {Cambridge: Department of Linguistics and Philosophy, MIT},
pages = {43--74}}


@InCollection{Chomsky:91,
author= {Chomsky, Noam},
title={Some Notes on Economy of Derivation and Representation},
year = {1991},
booktitle = {Principles and Parameters in Comparative Grammar},
editor = {R. Friedin},
publisher = {Cambridge, MA: The MIT Press},
pages = {417--454}}

@InCollection{Chomsky:93,
author= {Chomsky, Noam},
title={A Minimalist Program for Linguistic Theory},
year = {1993},
booktitle = {The View from Building},
editor = {Kenneth Hale and Samuel Keyser},
publisher = {Cambridge, MA: MIT Press. Reprinted in Chomsky 1995},
pages = {1--52}}

@BOOK{Chomsky:95,
  author =       {Chomsky, Noam},
  TITLE =        {The Minimalist Program},
  PUBLISHER =    {Cambridge, MA: The MIT Press},
  YEAR =      {1995}}

@InCollection{Chomsky:00-mini-inq,
author = {Chomsky, Noam},
title ={Minimalist Inquiries: The Framework},
year = {2000},
booktitle = {Step by Step:Essays on Minimalist Syntax in Honor of Howard Lasnik},
editor = {R. Martin, D. Michaels and J. Uriagereka},
publisher = {Cambridge, MA: The MIT Press},
pages = {89--155}}


@Book{		  HKN98a-ed-duplicate-removed,
  address	= {San Diego},
  booktitle	= {Complex Predicates in Nonderivational Syntax},
  editor	= {Erhard W. Hinrichs and Andreas Kathol and Tsuneko
		  Nakazawa},
  number	= {30},
  publisher	= {Academic Press},
  series	= {Syntax and Semantics},
  title		= {Complex Predicates in Nonderivational Syntax},
  year		= {1998}
}

@InCollection{Chung98a-u-duplicate-removed,
  author	= {Chan Chung},
  crossref	= {HKN98a-ed},
  pages		= {159--220},
  title		= {Argument Composition and Long-Distance Scrambling in
		  {Korean}}
}


@article{Chung:98,
 journal = {Japanese/Korean Linguistics},
 volume = {7},
 pages = {293--309},
 title = {WH-scope identification via quasi-binding},
 author = {Chung, Daeho},
 year = {1998}}

@BOOK{Cinque:99,
  author =       {Cinque, Guglielmo},
  TITLE =        {Adverbs and Functional Heads: A Cross-Linguistic Perspective},
  PUBLISHER =    {Oxford: Oxford University Press},
  YEAR =         {1999}}


@article{Dahl:79,
 journal = {Linguistics},
 volume = {17},
 pages = {79--106},
 title = {Typology of Sentence Negation},
 author = {Dahl, \"{O}sten},
 year = {1979}}

@article{Ernst:92,
 journal = {Linguistic Review},
 volume = {9},
 pages = {109--144},
 title = {The Phrase Structure of English Negation},
 author = {Ernst, Thomas},
 year = {1992}}


@article{GM:96,
 journal = {Journal of Linguistics},
 volume = {32},
 pages = {43--56},
 title = {Auxiliary Inversions and the Notion 'Default Specification},
 author = {Green, Georgia M. and Jerry L. Morgan},
 year = {1996}}

@BOOK{Haegeman:95,
  author =       {Haegeman, Liliane},
  TITLE =        {The Syntax of Negation},
  PUBLISHER =    {Cambridge University Press, Cambridge},
  YEAR =         {1995}}

@InCollection{Haegeman:97,
author= {Haegeman, Liliane},
title={The Syntax of N-Words and the Neg Criterion},
year = {1997},
booktitle = {Negation and Polarity: Syntax and Semantics},
editor = {D. Forget, P. Hirschbuhler, F. Martineau and M.-L.Rivero},
publisher = {John Benjamins, Amsterdam},
pages = {115--137}}

@article{Hagstrom:97,
 journal = {Harvard studies in Korean linguistics},
 volume = {7},
 pages = {254--268},
 title = {Scope interactions and phrasal movement in Korean negation},
 author = {Hagstrom, Paul},
 year = {1997}}

@article{Hagstrom:02,
 journal = {Journal of East Asian Linguistics},
 volume = {11(3)},
 pages = {211--242},
 title = {Implications of child errors for the syntax of negation in Korean},
 author = {Hagstrom, Paul},
 year = {2002}}


@article{Han:07,
 journal = {Linguistic Inquiry},
 volume = {38(1)},
 pages = {1--47},
 title = {V-raising and grammar competition in Korean: Evidence from negation and quantifier scope},
 author = {Han, Chung-hye and Lidz Jeffrey and Julien Musolino},
 year = {2007}}


@article{Hilpert:16,
 journal = {Constructions and Frames},
 volume = {8(1)},
 pages = {66--85},
 title = {Change in modal meanings},
 author = {Hilpert, Martin},
 year = {2016}}

@article{HP:88,
 journal = {Working Papers in Scandinavian Syntax},
 volume = {42},
 pages = {25--42},
 title = {On the Role of Inflection in Scandinavian Syntax},
 author = {Holmberg, Anders and Christer},
 year = {1988}}

@BOOK{Horn:89,
  author =       {Horn, Laurence R},
  TITLE =        {A Natural History of Negation},
  PUBLISHER =    {Chicago: University of Chicago Press},
  YEAR =         {1989}}

@article{Kato:97,
 journal = {Language},
 volume = {73},
 pages = {391--394},
 title = {Review of The Syntax of Negation by L.Haegeman},
 author = {Kato, Yasuhiko},
 year = {1997}}

@InCollection{Kato:00,
author= {Kato, Yasuhiko},
title={Interpretive Asymmetries of Negation},
year = {2000},
booktitle = {Negation and Polarity: Syntactic and Semantic Perspective},
editor = {L. R. Horn and Y. Kato},
publisher = {Oxford: Oxford University Press},
pages = {62--87}}


%Kelepir, Meltem. 2001. Topics in Turkish Syntax: Clausal Structure and Scope. MIT
%Ph.D. dissertation. Cambridge, MA.

@PHDTHESIS{kelepir,
  AUTHOR =       {Kelepir, Meltem},
  TITLE =        {Topics in Turkish Syntax: Clausal Structure and Scope},
  SCHOOL =       {MIT},
  YEAR =         {2001},
}




@BOOK{Kim:00,
  author =       {Kim, Jong-Bok},
  TITLE =        {The Grammar of Negation: A Constraint-Based Grammar},
  PUBLISHER =    {Stanford: CSLI Publications},
  YEAR =         {2000}}

@BOOK{Kim:16,
  author =       {Kim, Jong-Bok},
  TITLE =        {The Syntactic Structures of Korean: A Construction Based Perspective},
  PUBLISHER =    {Cambridge: Cambridge University Press},
  YEAR =         {2016}}




@article{KS:02,
 journal = {Natural Language and Linguistic Theory},
 volume = {20(2)},
 pages = {339--412},
 title = {Negation without Head Movement},
 author = {Kim, Jong-Bok and Ivan A. Sag},
 year = {2002}}


@BOOK{KS:08,
  author =       {Kim, Jong-Bok and Peter Sells},
  TITLE =        {English syntax: anintroduction},
  PUBLISHER =    {Stanford: CSLI Publications},
  YEAR =         {2008}}

@BOOK{KM,
  author =       {Kim, Jong-Bok and Laura Michalies},
  TITLE =        {Syntactic Constructions in English},
  PUBLISHER =    {Cambridge: Cambridge University Press},
  YEAR =         {2018},
  note    = {To appear}}


@InCollection{Klima:64,
author= {Klima, Edward S},
title={Negation in English},
year = {1964},
booktitle = {The Structure of Language: Readings in the Philosophy of Language},
editor = {J. A. Fodor and J. J. Katz},
publisher = {Englewood Cliffs, NJ: Prentice-Hall},
pages = {246--323}}

@BOOK{Lasnik:00,
  author =       {Lasnik, Howard},
  TITLE =        {Syntactic Structures Revisited:Contemporary Lectures on Classic Transformational Theory},
  PUBLISHER =    {Cambridge, MA: The MIT},
  YEAR =         {2000}}

@InCollection{Lasnik:95,
author= {Lasnik, Howard},
title={Verbal Morphology: Syntactic Structures Meets the Minimalist Program},
year = {1995},
booktitle = {Evolution and Revolution in Linguistic Theory: Essays in Honor of Charlos Otero},
editor = {H. Campos and P. Kempchinsky},
publisher = {},
pages = {251--275}}


@phdthesis{Miller:91-removed-wrong-cite-published-version,
  author = {Miller, Philip H},
  title  = {Clitics and Constituents in Phrase Structure Grammar},
  type = {PhD  Dissertation},
  school = {SUtrecht Universit},
  year = {1991}}

@article{Mitchell:91,
 journal = {Linguistic Inquiry},
 volume = {22},
 pages = {373--379},
 title = {Evidence from Finnish for Pollock's Theory of IP},
 author = {Mitchell, Erika},
 year = {1991}}

@InCollection{Monachesi:93,
author= {Monachesi, Paola},
title={Object clitics and clitic climbing in Italian HPSG grammar},
year = {1993},
booktitle = {Proceedings of {\it the sixth conference on European chapter of the Association for Computational Linguistics}},
publisher = {Association for Computational Linguistics},
pages = {437--442}}


@article{Monachesi:98,
 journal = {Syntax and Semantics},
 volume = {30},
 pages = {313--368},
 title = {Italian restructuring verbs: A lexical analysis. Complex Predicates in Nonderivational Syntax},
 author = {Monachesi, Paola},
 year = {1998}}

@BOOK{Muller:16-wrong-incomplete-removed,
  author =       {M\"{u}ller, Stefan},
  TITLE =        {Grammatical theory: From transformational grammar to constraint-based approaches},
  PUBLISHER =    {Berlin: Language Science Press},
  YEAR =         {2016}}

@BOOK{Nino:94,
  author =       {Ni\~{n}o, Mar\'{i}a-Eugenia},
  TITLE =        {A Morphologically Based Approach to Split inflection in Finnish},
  PUBLISHER =    {MS, Stanford university},
  YEAR =         {1994}}


@InCollection{Payne:85,
author= {Payne, John R},
title={Negation},
year = {1985},
booktitle = {Language Typology and Syntactic Description 1: Clause Structure},
editor = {Timothy Shopen},
publisher = {Cambridge: Cambridge University Press},
pages = {197--242}}

@InCollection{Platzack:86,
author= {Platzack, Christer},
title={COMP, INFL, and Germanic word order},
year = {1986},
booktitle = {Topics in Scandinavian synta},
editor = {},
publisher = {Dordrecht: Springer},
pages = {185--234}}



@InCollection{Pollock:97a-incomplete-removed,
author= {Pollock, Jean-Yves},
title={Notes on Clause Structure},
year = {1997},
booktitle = {Elements of Grammar},
editor = {L. Haegeman},
address = {Dordrecht},
publisher = {Kluwer Academic Publishers},
pages = {--}}

@BOOK{Pollock:97b,
  author =       {Pollock, Jean-Yves},
  TITLE =        {Language et Cognition},
  PUBLISHER =    {Paris: Presses Universitaires de France},
  YEAR =         {1997}}


@article{Sag:12,
 journal = {Sign-based construction grammar},
 volume = {193},
 pages = {69--202},
 title = {Sign-based construction grammar: An informal synopsis},
 author = {Sag, Ivan A},
 year = {2012}}

@article{Eynde:07,
 author = {Van Eynde, Frank},
 title = {The big mess construction},
 year = {2007},
 pages = {415--433},
 journal = {The Proceedings of {\it the 14th International Conference on Head-Driven Phrase Structure Grammar}},
}

@article{Vasishth:00,
 journal = {OSU Working Papers in Linguistics},
 volume = {53},
 pages = {108--131},
 title = {Word order, negation and negative polarity in Hindi},
 author = {Vasishth, Shravan},
 year = {2000}}

@InCollection{Vikner:94,
author= {Vikner, Sten},
title={Finite verb movement in Scandinavian embedded clauses},
year = {1994},
booktitle = {Verb movement},
editor = {D. Lightfoot and N. Horstein},
publisher = {Cambridge: Cambridge University Press},
pages = {117--147}}

@InCollection{Vikner:97-incomplete-removed,
author= {Vikner, Sten},
title={{V$^{0}$} to {I$^{0}$} Movement and Inflection for Person in All Tenses},
year = {1997},
booktitle = {The New Comparative Syntax},
editor = {L. Haegeman},
publisher = {London and New York: Longman},
pages = {--}}



@InCollection{Warner:00-incomplete-removed,
author= {Warner, Anthony},
title={English Auxiliaries Without Lexical Rules},
year = {2000},
booktitle = {The Nature and Function of Syntactic Categories},
editor = {R. Borsley},
publisher = {New York: Academic Press},
pages = {167--218}}

@INCOLLECTION{Warner:00-wrong-removed,
  AUTHOR =       {Warner, Anthony},
  TITLE =        {English Auxiliaries without lexical rules},
  BOOKTITLE =    {Syntax and Semantics},
  PUBLISHER =    {San Diego: Academic Press},
  YEAR =         {2000},
  editor =       {Borsley, Robert},
  volume =       {32},
  pages =        {167-220},
}


@article{ZP:83,
 journal = {Language},
 volume = {59},
 pages = {502--513},
 title = {Cliticization vs. Inflection: English n't},
 author = {Arnold M. Zwicky and Geoffrey K. Pullum},
 year = {1983}}


@article{Zeijlstra:07,
 journal = {Berkeley Linguistic Society},
 volume = {35},
 pages = {447--458},
 title = {On French Negation},
 author = {Hedde Zeijlstra},
 year = {2007}}

@InCollection{Zeijlstra:15,
author= {Hedde Zeijlstra},
title={The morpho-syntactic realization of sentential negation},
year = {2015},
booktitle = {The International Syntax Handbook},
editor = {A. Alexiadou and T. Kiss },
publisher = {Berlin: Mouton de Gruyter},
pages = {275--310}}


@Inproceedings{Crowgey:12,
  author =  {Joshua Crowgey},
  title =  {An a priori Typology of Sentential Negation from an HPSG Perspective},
  year = {2012},
  booktitle = {The Proceedings of The 19th International Conference on Head-Driven Phrase Structure Grammar},
  editor = {Stefan M\"{u}ller},
  organization = {Standford, CA: CSLI Publications}}


@Inproceedings{Lopez:94,
  author =  {Joshua Crowgey},
  title =  {The syntactic licensing of VP=ellipsis: A comparative study of Spanish and English},
  year = {1994},
  booktitle = {Issues and theory in Roman linguistics: selected papers from the Linguistic Symposium on Romance Languages XXIII},
  editor = {Frank Drijkoningen},
  organization = {Washington DC: Georgetown University Press}}


@BOOK{Borsley:05,
  AUTHOR =       {Borsley, Robert and Bob Jones},
  TITLE =        {Welsh negation and grammatical theory},
  PUBLISHER =    {University of Wales Press},
  YEAR =         {2005},
}

@INPROCEEDINGS{Borsley:06,
  AUTHOR =       {Borsley, Robert},
  TITLE =        {A linear approach to negative prominence},
  BOOKTITLE =    {Proceedings of the HPSG06 Conference},
  YEAR =         {2006},
  editor =       {Stefan M\"{u}ller},
  pages =        {60-80},
  publisher =    {Stanford, CA: CSLI Publication},
}

@ARTICLE{Swart:06,
  AUTHOR =       {De Swart, Henriette},
  TITLE =        {Review of Robert D. Borsley and Bob Morris Jones, Welsh negation and grammatical theory},
  JOURNAL =      {Journal of Linguistics},
  YEAR =         {2006},
  volume =       {42},
  pages =        {439-444},
}

@ARTICLE{Swart:02,
  AUTHOR =       {De Swart, Henriette and Ivan Sag},
  TITLE =        {Negation and negative concord in Romance},
  JOURNAL =      {Linguistics and Philosophy},
  YEAR =         {2002},
  volume =       {25},
  pages =        {373-417},
}


@INCOLLECTION{Bender:13,
  AUTHOR =       {Bender, Emily and Alex Lascarides},
  TITLE =        {On modeling scope of inflectional negation},
  BOOKTITLE =    {The Core and the Periphery: Data-driven Perspectives on Syntax Inspired by Ivan A. Sag},
  PUBLISHER =    {Stanford: CSLI Publications},
  YEAR =         {2013},
  editor =       {Norcliffe, Elisabeth and Philip Hofmeister},
  pages =        {101-124},
}

@ARTICLE{BK:12,
  AUTHOR =       {Borsley, Robert and Mohamed Krer},
  TITLE =        {An HPSG Approach to Negation in Libyan Arabic},
  JOURNAL =      {Essex Research Reports in Linguistics},
  YEAR =         {2012},
  volume =       {61},
  number =       {2},
  pages =        {1-24},
}

@INPROCEEDINGS{CB:11,
  AUTHOR =       {Crowgey, Joshua and Emily Bender},
  TITLE =        {Analyzing interacting phenomena: word order and negation in Basque},
  BOOKTITLE =    {Proceedings of the HPSG 2011 Conference},
  YEAR =         {2011},
  editor =       {Stefan M\"{u}ller},
  pages =        {46-59},
  publisher =    {Stanford, CA: CSLI Publication},
}

@INPROCEEDINGS{Crysmann:10,
  AUTHOR =       {Crowgey, Berthold},
  TITLE =        {Discontinuous negation in Hausa},
  BOOKTITLE =    {Proceedings of the HPSG10 Conference},
  YEAR =         {2010},
  editor =       {Stefan M\"{u}ller},
  pages =        {269-287},
  publisher =    {Stanford, CA: CSLI Publication},
}

@INPROCEEDINGS{Kupsc:02,
  AUTHOR =       {Kup\'{s}\'{c}, Anna and Adam Przepi\'{o}rkowski},
  TITLE =        {Morphological Aspects of Verbal Negation in Polish},
  BOOKTITLE =    {Current Approaches to Formal Slavic Linguistics},
  YEAR =         {2002},
  editor =       {Kosta, Peter and Jens Frasek},
  pages =        {337-346},
  publisher =    {Frankfurt: Peter Lang},
}

@ARTICLE{Prz:00,
  AUTHOR =       {Przepi\'{o}rkowski, Adam},
  TITLE =        {Long distance genitive of negation in Polish},
  JOURNAL =      {Journal of Slavic Linguistics},
  YEAR =         {2000},
  volume =       {8},
  pages =        {151-189},
}

@INPROCEEDINGS{Prz:01,
  AUTHOR =       {Przepi\'{o}rkowski, Adam},
  TITLE =        {Optional and multiple Long Distance Genitive of Negation in Polish},
  BOOKTITLE =    {Current Issues in Formal Slavic Linguistics},
  YEAR =         {2001},
  editor =       {Zybatow, Gerhild and Uwe Junghanns and Grit Mehlhorn and Luka Szucsich},
  pages =        {337-346},
  publisher =    {Frankfurt: Peter Lang},
}

@INPROCEEDINGS{PK:99,
  AUTHOR =       {Przepi\'{o}rkowski, Adam and Anna Kup\'{s}\'{c}},
  TITLE =        {Eventuality negation and negative concord in Polish and Italian},
  BOOKTITLE =    {Slavic in Head-Driven Phrase Structure Grammar},
  YEAR =         {1999},
  editor =       {Borsley, Robert and Adam Przepi\'{o}rkowski},
  pages =        {211-246},
  publisher =    {Stanford, CA: CSLI Publication},
}


@BOOK{Jackendoff:72,
  AUTHOR =       {Jackendoff, Ray},
  TITLE =        {Semantic Interpretation in Generative Grammar},
  PUBLISHER =    {The MIT Press},
  YEAR =         {1972},
}

@UNPUBLISHED{KS:96,
  author =       {Kim, Jong-Bok and Ivan Sag},
  title =        {French and English negation: a lexicalist alternative to head movement},
  year =         {1996},
  source =       {Stanford University},
}

@INBOOK{Newmeyer:2006,
  author =       {Newmyer, Fredrick},
  editor =       {Betty Birner and Gregory Ward},
  title =        {Boundaries of Meaning: Neo-Gricean Studies in Pragmatics and Semantics in
Honor of Laurence R. Horn},
  chapter =      {Negation and Modularity},
  pages =        {247-268},
  publisher =    {John Benjamins},
  year =         {2006}}


@INBOOK{BL:13,
  author =       {Bender, Emily and Alex Lascarides},
  title =        {The Core and the Periphery: DATA-DRIVEN PERSPECTIVES ON SYNTAX INSPIRED BY IVAN A. SAG},
  chapter =      {On modelling scope of inflectional negation},
  editor =       {Philp Hofmeister and Elisabeth Norcliffe},
  title =        {On modelling scope of inflectional negation},
  pages =        {101-124},
  publisher =    {Stanford, CA: CSLI Publication},
  year =         {2013}}


@BOOK{Kathol:00-removed,
  AUTHOR =       {Kathol, Andreas},
  TITLE =        {Linear syntax},
  PUBLISHER =    {Oxford University Press},
  YEAR =         {2000},
}
