% Encoding: UTF-8
@article{AltmannKamide99,
	author = {Altmann, Gerry and Kamide, Yuki},
	year = {1999},
	title = {Incremental interpretation at verbs: {Restricting} the domain of subsequent refrence},
	journal = {Cognition},
	volume = {73},
	number = {7},
	pages = {247--264}
}

@article{AltmannSteedman88,
	author = {Altmann, Gerry and Steedman, Mark},
	year = {1988},
	title = {Interaction with context during human sentence processing},
	journal = {Cognition},
	volume = {30},
	number = {3},
	pages = {191--238}
}

@article{ArnoldEtal2007,
	author = {Arnold, Jennifer E. and Hudson Kam, Carla and Tanenhaus, Michael K.},
	year = {2007},
	title = {If you say thee uh- you're describing something hard: {The} on-line attribution of disfluency during reference comprehension},
	journal = {Journal of Experimental Psychology: Learning, Memory, and Cognition},
	volume = {33},
	pages = {914--930}
}

@InCollection{	  Bever70,
	address	= {New York},
	author	= {Bever, Thomas},
	booktitle	= {Cognition and the language development},
	editor	= {Hayes, John R.},
	title		= {The Cognitive Basis for Linguistic Structures},
	year		= {1970},
	pages = {279--362},
	publisher = {Wiley \& Sons}
}

@article{Branigan2007,
	author = {Branigan, Holly},
	year = {2007},
	title = {Syntactic priming},
	journal = {Language and Linguistics Compass},
	volume = {1},
	number = {1--2},
	pages = {1--16}
}

@article{BraniganPickering2017,
	author = {Branigan, Holly and Pickering, Martin},
	year = {2017},
	title = {An experimental approach to linguistic representation},
	journal = {Behavioral and Brain Sciences},
	volume = {40},
	pages = {1--61}
}

@incollection{BresnanEtal2007,
	author	= {Bresnan, Joan and Anna Cueni and Tatjana Nikitina and Harald Baayen},
	title	= {Predicting the Dative Alternation},
	year = {2007},
	booktitle = {Cognitive Foundations of Interpretation},
	editor = {Bouma, Gerlof and Kr√§mer, Irene and Zwarts, Joost},
	address = {Amsterdam},
	publisher = {KNAW},
	pages = {69--94}
}

@inproceedings{BresnanEtAl2001,
	author = {Bresnan, Joan and Dingare, Shipra and Manning, Christopher D.},
	year = {2001},
	title = {Soft constraints mirror hard constraints: {Voice} and person in {English} and {Lummi}},
	editor = {Butt, Miriam and King, Tracy Holloway},
	booktitle = {Proceedings of the {LFG} 01 {Conference}},
	publisher = {CSLI},
	address = {Standford, CA}
}

@article{Chaves2012,
	author = {Chaves, Rui P.},
	year = {2012},
	title = {On the grammar of extraction and coordination},
	journal = {Natural Language and Linguistic Theory},
	volume = {30},
	number = {2},
	pages = {465--512}
}

@article{Deane91,
	author = {Deane, Paul D.},
	year = {1991},
	title = {Limits to attention: {A} cognitive theory},
	journal = {Cognitive Linguistics},
	volume = {2},
	number = {1},
	pages = {1--63}
}

@article{EberhardEtal95,
	author = {Eberhard, Kathleen M. and Spivey-Knowlton, Michael J. and Sedivy, Julie C. and Tannenhaus, Michael K.},
	year = {1995},
	title = {Eye Movements as a Window into Real-time Spoken Language Comprehension in Natural Contexts},
	journal = {Journal of Psycholinguist Research},
	volume = {24},
	pages = {409--436}
}

@book{EngdahlEjerhed82,
	author = {Engdahl, Elisabeth and Ejerhed, Eva},
	title = {Readings on Unbounded Dependencies in {Scandinavian} Languages},
	year = {1982},
	address = {Stockholm},
	publisher = {Almqvist \& Wiksell International}
}

@article{Fodor83,
	author = {Fodor, Janet Dean},
	year = {1983},
	title = {Phrase structure parsing and the island constraints},
	journal = {Linguisitcs and Philosophy},
	volume = {6},
	pages = {163--223}
}

@incollection{FordEtal82,
	author = {Ford, Marilyn and Bresnan, Joan and Kaplan, Ronald},
	year = {1982},
	title = {A competence-based theory of syntactic closure},
	editor = {Bresnan, Joan},
	booktitle = {The mental representation of grammatical relations},
	pages = {727--796},
	address = {Cambridge, MA},
	publisher = {MIT Press}
}

@misc{FrancisPrep-a,
	author = {Francis, Elaine},
	year = {in preparation},
	title = {Why theoretical assumptions matter for interpreting acceptability judgement data in syntax}
}

@Misc{FrancisPrep-b,
  author = {Francis, Elaine},
  title  = {Gradient Acceptability and Linguistic Theory},
  year   = {2019},
  note   = {Ms. Purdue University, Under review},
}

@article{GennariMacDonald2008,
	author = {Gennari, Silvia P. and MacDonald, Maryellen C.},
	year = {2008},
	title = {Semantic Indeterminacy in Object Relative Clauses},
	journal = {Journal of Memory and Language},
	volume = {8},
	pages = {161--187}
}

@article{GollanEtal2011,
	author = {Gollan, Tamar H. and Slattery, Timothy J. and Goldenberg, Diane and Assche, Eva Van and Duyck, Wouter and Rayner, Keith},
	year = {2011},
	title = {Frequency drives lexical access in reading but not in speaking: {The} frequency-lag hypothesis},
	journal = {Journal of Experimental Psychology: General},
	volume = {140},
	number = {2},
	pages = {186--209}
}

@book{Hawkins2014,
	author = {Hawkins, John A.},
	year = {2014},
	title = {Cross-Linguistic Variation and Efficiency},
	address = {Oxford},
	publisher = {Oxford University Press}
}

@article{HobbsGrishman75,
	author = {Hobbs, Jerry R. and Grishman, Ralph},
	year = {1975},
	title = {The Automatic Transformational Analysis of {English} Sentences: {An} Implementation},
	journal = {International Journal of Computer Mathematics},
	volume = {5},
	number = {1--4},
	pages = {267--283}
}

@article{HofmeisterEtal2013,
	author = {Hofmeister, Philip and Jaeger, T. Florian and Arnon, Inbal and Sag, Ivan A. and Snider, Neal},
	year = {2013},
	title = {The Source Ambiguity Problem: {Distinguishing} the Effects of Grammar and Processing on Acceptability Judgments},
	journal = {Language and Cognitive Processes},
	volume = {28},
	number = {1--2},
	pages = {48--87}
}

@article{HofmeisterSag2010,
	author = {Hofmeister, Philip and Sag, Ivan A.},
	year = {2010},
	title = {Cognitive Constraints and Island Effects},
	journal = {Language},
	volume = {86},
	number = {2}
}

@article{KingJust91,
	author = {King, Jonathan and Just, Marcel},
	year = {1991},
	title = {Individual differences in syntactic processing: {The} role of working memory},
	journal = {Journal of Memory and Language},
	volume = {30},
	pages = {580--602}
}

@article{HsiaoGibson03,
	author = {Hsiao, Franny and Gibson, Edward},
	year = {2003},
	title = {Processing relative clauses in Chinese},
	journal = {Cognition},
	volume = {90},
	pages = {3--27}
}

@article{KluenderKutas93,
	author = {Kluender, Robert and Kutas, Marta},
	year = {1993},
	title = {Bridging the Gap: {Evidence} from {ERPs} on the Processing of Unbounded Dependencies},
	journal = {Journal of Cognitive Neuroscience},
	volume = {5},
	number = {2},
	pages = {196--214}
}

@incollection{LinBever2006,
	author = {Lin, Chien-Jer Charles and Bever, Thomas},
	year = {2006},
	title = {Subject Preference in the Processing of Relative Clauses in {Chinese}},
	editor = {Baumer, Donald and Montero, David and Scanlon, Michael},
	booktitle = {Proceedings of the 25th {West Coast Conference on Formal Linguistics}},
	publisher = {Cascadilla Proceedings Project},
	address = {Somerville, MA},
	pages = {254--260}
}

@PhDThesis{Linadarki2006,
	author = {Linadarki, Evita},
	title = {Linguistic and Statistical Extensions of Data Oriented Parsing},
	year = {2006},
	school = {University of Essex},
	note = {Unpublished}
}

@article{MacDonald2013,
	author = {MacDonald, Maryellen C.},
	year = {2013},
	title = {How language production shapes language form and comprehension},
	journal = {Frontiers in Psychology},
	volume = {4},
	number = {226},
	pages = {1--16}
}

@incollection{MarslenTyler87,
	author = {Marslen-Wilson, William and Tyler, Lorraine},
	year = {1987},
	title = {Against Modularity},
	editor = {Garfield, Jay L.},
	booktitle = {Modularity in Knowledge Representation and {Natural Language Processing}},
	publisher = {MIT Press},
	address = {Cambridge, MA},
	pages = {37--62}
}

@article{MatsukiEtal2011,
	author = {Matsuki, Kazunaga and Chow, Tracy and Hare, Mary and Elman, Jeffrey L. Scheepers, Christoph and McRae, Ken},
	year = {2011},
	title = {Event-based plausibility immediately influences online language comprehension},
	journal = {Journal of Experimental Psychology: Learning, Memory, and Cognition},
	volume = {37},
	number = {4},
	pages = {913--934}
}

@article{McGurkMacDonald76,
	author = {McGurk, Harry and MacDonald, John},
	year = {1976},
	title = {Hearing Lips and Seeing Voices},
	journal = {Nature},
	volume = {264},
	number = {5588},
	pages = {746--748}
}

@article{McMurrayEtal2008,
	author = {McMurray, Bob and Clayards, Meghan A. and Tanenhaus, Michael K. and Aslin, Richard},
	year = {2008},
	title = {Tracking the Time Course of Phonetic Cue Integration During Spoken Word Recognition},
	journal = {Psychonomic Bulletin},
	volume = {15},
	number = {6},
	pages = {1064--1071}
}

@incolllection{MiyamotoNakamura2003,
	author = {Miyamoto, Edson T and Nakamura, Michiko},
	year = {2003},
	title = {Subject/object asymmetries in the processing of relative clauses in {Japanese}},
	editor = {Garding, Gina and Tsujimura, Mimu},
	booktitle = {Proceedings of the 22nd {West Coast Conference on Formal Linguistics}},
	pages = {342--355},
	address = {Somerville, MA},
	publisher = {Cascadilla Proceedings Project}
}

@article{MommaPhillips2018,
	author = {Momma, Shota and Phillips, Colin},
	year = {2018},
	title = {The relationship between parsing and generation},
	journal = {Annual Review of Linguistics},
	volume = {4},
	pages = {233--254}
}

@incollection{Phillips2013,
	author = {Phillips, Colin},
	year = {2013},
	title = {On the nature of island constraints {I}: {Language} processing ad reductionist accounts},
	editor = {Sprouse, Jon and Hornstein, Norbert},
	booktitle = {Experimental syntax and island effects},
	pages = {64--108},
	publisher = {Cambridge University Press},
	address = {Cambridge}
}

@article{SpevackEtal2018,
	author = {Spevack, Samuel C. and Falandays, J. Benjamin and Spivey, Michael J.},
	year = {2018},
	title = {Interactivity of language},
	journal = {Language and Linguistics Compass},
	volume = {12},
	number = {7},
	pages = {e12282}
}

@article{RealiChristiansen07,
	author = {Reali, Florencia and Christiansen, Morten H.},
	year = {2007},
	title = {Processing of relative clauses is made easier by frequency of occurrence},
	journal = {Journal of Memory and Language},
	volume = {57},
	number = {1},
	pages = {1--23}
}

@article{RolandEtal2012,
	author = {Roland, Douglas and Mauner, Gail and O'Meara, Carolyn and Yun, Hongoak},
	year = {2012},
	title = {Discourse expectations and relative clause processing},
	journal = {Joural of Memory and Language},
	volume = {66},
	number = {3},
	pages = {470--508}
}

@article{Stroop35,
	author = {Stroop, John Ridley},
	year = {1935},
	title = {Studies of interference in serial verbal reactions},
	journal = {Journal of Experimental Psychology},
	volume = {18},
	number = {6},
	pages = {643--662}
}

@incollection{TanenhausTrueswell95,
	author = {Tanenhaus, Michael K. and Trueswell, John C.},
	year = {1995},
	title = {Sentence comprehension},
	editor = {Miller, Joanne L. and Eimas, Peter D.},
	booktitle = {Handbook of cognition and perception},
	address = {San Diego, CA},
	publisher = {Academic Press}
}

@article{Tooley2007a,
	author = {Traxler, Matthew J. and Tooley, Kristen M.},
	year = {2007},
	title = {Lexical Mediation and Context Effects in Sentence Processing},
	journal = {Brain Research},
	volume = {1146},
	pages = {59--74}
}

@article{TraxlerEtal2002,
	author = {Traxler, Matthew J. and Morris, Robin K. and Seely, Rachel E.},
	year = {2002},
	title = {Processing subject and object relative clauses: {Evidence} from eye movements},
	journal = {Journal of Memory and Language},
	volume = {47},
	number = {1},
	pages = {69--90}
}

@article{TrueswellEtal93,
	author = {Trueswell, John C. and Tanenhaus, Micahel K. and Kello, Christopher},
	year = {1993},
	title = {Verb-specific Constraints in Sentence Processing: {Separating} Effects of Lexical Preference from Garden-Paths},
	journal = {Journal of Experimental Psychology: Learning, Memory, and Cognition},
	volume = {19},
	number = {3},
	pages = {528--553}
}

@article{VasishthEtal2013,
	author = {Vasishth, Shravan and Zhong, Chen and Li, Qiang and Guo, Gueilan},
	year = {2013},
	title = {Processing {Chinese} Relative Clauses: {Evidence} for the Subject-Relative Advantage},
	journal = {PLoS ONE},
	volume = {8},
	number = {10},
	pages = {e77006}
}

@incollection{WannerMaratsos78,
	author = {Wanner, Eric and Maratsos, Michael},
	year = {1978},
	title = {An {ATN} approach to comprehension},
	editor = {Halle, Morris and Bresnan, Joan and Miller, George A.},
	booktitle = {Linguistic Theory and Psychological Reality},
	pages = {119--161},
	publisher = {MIT Press},
	address = {Cambridge, MA}
}

@incollection{Wasow2015,
	author = {Wasow, Thomas},
	year = {2015},
	title = {Ambiguity Avoidance is Overrated},
	editor = {Winkler, Susanne},
	booktitle = {Ambiguity: {Language} and Communication},
	pages = {29--47},
	publisher = {De Gruyter},
	address = {Berlin}
}

@incollection{WasowEtal2011,
	author = {Wasow, Thomas and Jaeger, Florian T. and Orr, David},
	year = {2011},
	title = {Lexical Variation in Relativizer Frequency},
	editor = {Simon, Horst J. and Wiese, Heike},
	booktitle = {Expecting the Unexpected: {Exceptions} in Grammar},
	pages = {175--195},
	publisher = {De Gruyter},
	address = {Berlin}
}

@Article{TanenhausEtal1995,
  author  = {Michael K. Tanenhaus and Michael J. Spivey-Knowlton and Kathleen M. Eberhard \& Julie C. Sedivy},
  title   = {Integration of visual and linguistic information in spoken language comprehension},
  journal = {Science},
  year    = {1995},
  volume  = {268},
  number  = {5217},
  pages   = {1632--1634},
}

@Comment{jabref-meta: databaseType:bibtex;}


@article{TraxlerTooley2007a,
  title={Lexical Mediation and Context Effects in Sentence Processing},
  author={Traxler, Matthew J and Tooley, Kristen M},
  journal={Brain Research},
  volume={1146},
  pages={59--74},
  doi = {10.1016/j.brainres.2006.10.010},
  year={2007},
}
