% Encoding: UTF-8

@InProceedings{Bach1976,
  author    = {Bach, Emmon},
  title     = {An extension of classical {Transformational} {Grammar}},
  booktitle = {Problems of Linguistic Metatheory ({P}roceedings of the 1976 Conference)},
  year      = {1976},
  pages     = {183--224},
  address   = {Michigan State University, East Lansing, MI},
}

@Book{Cooper1983,
  title     = {Quantification and Syntactic Theory},
  publisher = {Reidel},
  year      = {1983},
  author    = {Robin Cooper},
  number    = {21},
  series    = {Studies in Linguistics and Philosophy},
  address   = {Dordrecht},
}

@InCollection{RichterandSailer2004,
  author    = {Frank Richter and Manfred Sailer},
  title     = {Basic Concepts of {L}exical {R}esource {S}emantics},
  booktitle = {{ESSLLI} 2003 Course Material},
  publisher = {Kurt G{\"o}del Society Wien},
  year      = {2004},
  volume    = {5},
  series    = {Collegium Logicum},
  isbn      = {3-901546-00-6},
}

@Book{KampandReyle1993,
  title     = {From Discourse to Logic},
  publisher = {Kluwer},
  year      = {1993},
  author    = {Kamp, Hans and Reyle, Uwe},
  number    = {42},
  series    = {Studies in Linguistics and Philosophy},
  address   = {Dordrecht},
}

@Article{Hamblin1973,
  author  = {Hamblin, Charles Leonard},
  title   = {Questions in {M}ontague {E}nglish},
  journal = {Foundations of Language},
  year    = {1973},
  volume  = {10},
  number  = {1},
  pages   = {41-53},
}

@InCollection{GroenendijkandStokhoff1997,
  author    = {Jeroen Groenendijk and Martin Stokhof},
  title     = {Questions},
  booktitle = {Handbook of Logic and Language},
  publisher = {MIT Press},
  year      = {1997},
  editor    = {Van Benthem, Johan and Ter Meulen, Alice},
  pages     = {1055--1124},
  address   = {Cambridge, MA},
}

@Unpublished{Kasper1997,
  author = {Robert Kasper},
  title  = {The semantics of recursive modification},
  note   = {Ohio State University},
  year   = {1997},
}

@Book{BresnanandKaplan1982b,
  title     = {The Mental Representation of Grammatical Relations},
  publisher = {MIT Press},
  year      = {1982},
  author    = {Bresnan, Joan and Kaplan, Ronald},
  series    = {Cognitive Theory and Mental Representation},
  address   = {Cambridge, MA},
  comment   = {2 for series number, maybe},
}

@Article{IordachioaiaandRichter2015,
  author  = {Gianina {Iord\v{a}chioaia} and Frank Richter},
  title   = {Negative concord with polyadic quantifiers: The case of {Romanian}},
  journal = {Natural Language and Linguistic Theory},
  year    = {2015},
  volume  = {33},
  number  = {2},
  pages   = {607--658},
}

@Book{PollardandSag1987-removed,
  title     = {Information-based Syntax and Semantics},
  publisher = {CSLI Publications},
  year      = {1987},
  author    = {Pollard, Carl and Sag, Ivan},
  number    = {13},
  series    = {Lecture Notes},
  address   = {Stanford, CA},
}

@Article{Sag1997-removed-sem,
  author  = {Sag, Ivan},
  title   = {English relative clauses},
  journal = {Journal of Linguistics},
  year    = {1997},
  volume  = {33},
  number  = {2},
  pages   = {431--483},
}

@PhdThesis{Cooper1975,
  author = {Robin Cooper},
  title  = {Montague's semantic theory and transformational syntax},
  school = {University of Massachusetts, Amherst},
  year   = {1975},
}

@Article{Nerbonne1993a,
  author  = {John Nerbonne},
  title   = {A Feature-Based Syntax/Semantics Interface},
  journal = {Annals of Mathematics and Artificial Intelligence},
  year    = {1993},
  volume  = {8},
  number  = {1--2},
  pages   = {107--132},
}

@InCollection{Lahm2018,
  author    = {David Lahm},
  title     = {Plural in {Lexical} {Resource} {Semantics}},
  booktitle = {Proceedings of the 25th International Conference on {Head}-driven {Phrase} {Structure} {Grammar}},
  publisher = {CSLI Publications},
  year      = {2018},
  pages     = {89--109},
  address   = {Stanford, CA},
}

@InProceedings{RichterandSailer2001,
  author    = {Richter, Frank and Sailer, Manfred},
  title     = {Polish Negation and Lexical Resource Semantics},
  booktitle = {Proceedings of the joint meeting of the 6th Conference on Formal Grammar and the 7th Conference on Mathematics of Language},
  year      = {2004},
  editor    = {Moss, Lawrence S. and Oehrle, Richard T.},
  number    = {53},
  series    = {Electronic Notes in Theoretical Computer Science},
  pages     = {309--321},
  publisher = {Elsevier Science},
}

@Book{Gallin1975,
  title     = {Intensional and Higher-Order Modal Logic, With Applications to {Montague} Semantics},
  publisher = {North Holland},
  year      = {1975},
  author    = {Daniel Gallin},
  number    = {19},
  series    = {North-Holland Mathematics Studies},
  address   = {Amsterdam},
}

@Book{HeimandKratzer1998,
  title     = {Semantics in {Generative} {Grammar}},
  publisher = {Wiley-Blackwell},
  year      = {1998},
  author    = {Irene Heim and Angelika Kratzer},
  number    = {13},
  series    = {Blackwell Textbooks in Linguistics},
  address   = {Oxford},
}

@PhdThesis{Baker1970a,
  author = {C. L. Baker},
  title  = {Indirect Questions in {English}},
  school = {University of Illinois at Urbana-Champaign},
  year   = {1970},
}

@InCollection{Przepiorkowski1998b,
  author    = {Adam Przepi{\'{o}}rkowski},
  title     = {‘A Unified Theory of Scope’ revisited: Quantifier retrieval without spurious ambiguities},
  booktitle = {Procedings of the {FHCG98} Joint Conference on {Formal} {Grammar}, {Head}-Driven {Phrase} {Structure} {Grammar} and {Categorial} {Grammar}},
  year      = {1998},
  editor    = {Gosse Bouma and Geert-Jan Kruijff and Richard Oehrle},
  pages     = {185--195},
  address   = {{Saarbr\"ucken}},
}

@Book{Montague1974,
  title     = {Formal Philosophy},
  publisher = {Yale University Press},
  year      = {1974},
  author    = {Richard Montague},
  editor    = {Thomason, Richard H},
  address   = {New Haven},
}

@Book{GinzburgandSag2001-removed,
  title     = {Interrogative Investigations: {The} Form, Meaning, and Use of {English} Interrogatives},
  publisher = {CSLI Publications},
  year      = {2001},
  author    = {Jonathan Ginzburg and Ivan Sag},
  number    = {123},
  series    = {Lecture Notes},
  address   = {Stanford, CA},
}

@Article{BarwiseandCooper1981,
  author  = {Barwise, John and Cooper, Robin},
  title   = {Generalized Quantifiers and Natural Language},
  journal = {Linguistics and Philosophy},
  year    = {1981},
  volume  = {4},
  number  = {2},
  pages   = {159-219},
}

@Book{CulicoverandJackendoff2005,
  title     = {Simpler Syntax},
  publisher = {Oxford University Press},
  year      = {2005},
  author    = {Peter Culicover and Ray Jackendoff},
  address   = {Oxford},
}

@Article{Egg1998-wrong-decap-removed,
  author  = {Markus Egg},
  title   = {{\it Wh}-questions in Underspecified Minimal Recursion Semantics},
  journal = {Journal of Semantics},
  year    = {1998},
  volume  = {15},
  number  = {1},
  pages   = {37--82},
}

@Book{Steedman1996,
  title     = {Surface Structure and Interpretation},
  publisher = {MIT Press},
  year      = {1996},
  author    = {Mark Steedman},
  number    = {30},
  series    = {Linguistic Inquiry Monographs},
  address   = {Cambrdige, MA},
}

@InCollection{Copestake2007,
  author    = {Ann Copestake},
  title     = {Semantic composition with ({Robust}) {Minimal} {Recursion} {Semantics}},
  booktitle = {{DeepLP} '07 Proceedings of the Workshop on Deep Linguistic Processing},
  year      = {2007},
  pages     = {73--80},
  address   = {Prague},
}

@InCollection{Lahm2016b,
  author    = {David Lahm},
  title     = {``Different'' as a restriction on {Skolem} functions},
  booktitle = {Proceedings of the 26th {Semantics} {And} {Linguistic} {Theory} ({SALT} 26)},
  publisher = {{LSA} and {CLC} Publications},
  year      = {2016},
  editor    = {Carol-Rose Little and Jacob Collard and Dan Burdorf},
  pages     = {546--565},
  doi       = {10.3765/salt.v26i0.3787},
}

@Article{Keenan1992b,
  author  = {Edward Keenan},
  title   = {Beyond the {Frege} boundary},
  journal = {Linguistics and Philosophy},
  year    = {1992},
  volume  = {15},
  pages   = {199--221},
}

@InCollection{Ladusaw1988b,
  author    = {Ladusaw, William},
  title     = {A Proposed Distinction between \textit{Levels} and \textit{Strata}},
  booktitle = {Linguistics in the Morning Calm 2},
  publisher = {Hanshin Publishing Co.},
  year      = {1988},
  editor    = {The Linguistic Society of Korea},
  address   = {Seoul},
}

@InProceedings{Copestakeetal2001-duplicate-remove-sem,
  author    = {Ann Copestake and Alex Lascarides and Dan Flickinger},
  title     = {An Algebra for Semantic Construction in Constraint-based Grammars},
  booktitle = {Proceedings of the 39th {ACL} meeting},
  year      = {2001},
  address   = {Toulouse, France},
}

@InCollection{Richter2016,
  author    = {Frank Richter},
  title     = {Categorematic Unreducible Polyadic Quantifiers in {Lexical} {Resource} {Semantics}},
  crossref  = {HeadLex2016},
  pages     = {599--619},
}

@InCollection{Copestakeetal1995,
  author    = {Ann Copestake and Dan Flickinger and Rob Malouf and Susanne Riehemann and Ivan Sag},
  title     = {Translation using {Minimal} {Recursion} {Semantics}},
  booktitle = {Proceedings of The Sixth International Conference on Theoretical and Methodological Issues in Machine Translation ({TMI95})},
  year      = {1995},
  address   = {Leuven, Belgium},
}

@Article{Copestakeetal2005-removed,
  author  = {Ann Copestake and Dan Flickinger and Carl Pollard and Ivan Sag},
  title   = {Minimal {Recursion} {Semantics}: {An} {Introduction}},
  journal = {Research on Language and Computation},
  year    = {2005},
  volume  = {3},
  pages   = {281--332},
  doi     = {10.1007/s11168-006-6327-9},
}

@Article{KleinandSag1985,
  author  = {Ewan Klein and Ivan Sag},
  title   = {Type-Driven Translation},
  journal = {Linguistics and Philosophy},
  year    = {1985},
  volume  = {8},
  pages   = {163-201},
}

@InProceedings{KoenigandDavis2003,
  author    = {Jean-Pierre Koenig and Anthony Davis},
  title     = {Semantically Transparent Linking in {HPSG}},
  pages     = {222--235},
  crossref  = {Mueller2003a-ed},
}

@InCollection{Fillmore1999-removed-sem,
  author    = {Charles Fillmore},
  title     = {Inversion and Constructional Inheritance},
  booktitle = {Lexical and Constructional Aspects of Linguistic Explanation},
  publisher = {CSLI Publications},
  year      = {1999},
  editor    = {Gert Webelhuth and Jean-Pierre Koenig and Andreas Kathol},
  series    = {Studies in Constraint-Based Lexicalism},
  pages     = {113-128},
  address   = {Stanford},
}

@Book{Searle1969-incomplete-duplicate-removed,
  title     = {Speech acts},
  publisher = {Cambridge University Press},
  year      = {1969},
  author    = {Searle, John},
  address   = {Cambridge},
}

@InCollection{AsudehandCrouch2002,
  author    = {Ash Asudeh and Richard Crouch},
  title     = {Glue {Semantics} for {HPSG}},
  booktitle = {Proceedings of the 8th {International} {HPSG} {Conference}},
  publisher = {CSLI Publications},
  year      = {2002},
  editor    = {van Eynde, Frank and Hellan, Lars and Beerman , Dorothee},
  pages     = {1--19},
  address   = {Stanford, CA},
}

@Article{Zeevat1989,
  author  = {Zeevat, Henk},
  title   = {A compositional approach to {Discourse} {Representation} {Theory}},
  journal = {Linguistics and Philosophy},
  year    = {1989},
  volume  = {12},
  number  = {1},
  pages   = {95--131},
  series  = {1},
}

@InCollection{Partee1984a,
  author    = {Partee, Barbara},
  title     = {Compositionality},
  booktitle = {Varieties of Formal Semantics: Proceedings of the Fourth Amsterdam Colloquium},
  publisher = {Foris},
  year      = {1984},
  editor    = {Landman, Fred and Veltman, Frank},
  number    = {3},
  series    = {Groningen-Amsterdam Studies in Semantics},
  pages     = {281--311},
  address   = {Dordrecht},
}

@InProceedings{PeldzusandSchlangen2012,
  author    = {Peldszus, Andreas and Schlangen, David},
  title     = {Incremental construction of robust but deep semantic representations for use in responsive dialogue systems},
  booktitle = {Proceedings of the {COLING} Workshop on Advances in Discourse Analysis and its Computational Aspects},
  year      = {2012},
  pages     = {59--76},
  address   = {Mumbai, India},
}

@Book{May1985,
  title     = {Logical form: Its structure and derivation},
  publisher = {MIT Press},
  year      = {1985},
  author    = {Robert May},
  number    = {12},
  series    = {Linguistic Inquiry Monographs},
  address   = {Cambridge, MA},
}

@Book{KeenanandFaltz1985,
  title     = {Boolean Semantics for Natural Language},
  publisher = {Reidel},
  year      = {1985},
  author    = {Edward Keenan and Leonard Faltz},
  number    = {23},
  series    = {Studies in Linguistics and Philosophy},
  address   = {Dordrect},
}

@InProceedings{Kay1979,
  author    = {Kay, Martin},
  title     = {Functional {Grammar}},
  booktitle = {Proceedings of the fifth Meeting of the {Berkeley} {Linguistics} {Society}},
  year      = {1979},
  editor    = {Christine Chiarello and John Kingston and Eve Sweetser and James Collins and Haruko Kawasaki and John Manley-Buser and Dorothy Marschak and Catherine O'Connor and David Shaul and Marta Tobey and Henry Thompson and Katherine Turner},
  pages     = {142--158},
  address   = {Berkeley, CA},
  publisher = {Berkeley Linguistics Society},
}

@Book{PollardandSag1994-removed-sem,
  title     = {Head-driven {Phrase}-{Structure} {Grammar}},
  publisher = {Chicago University Press},
  year      = {1994},
  author    = {Pollard, Carl and Sag, Ivan},
  series    = {Studies in Contemporary Linguistics},
  address   = {Chicago, IL},
  comment   = {4 might be the number in the series},
}

@InCollection{Egg2004b,
  author    = {Markus Egg},
  title     = {Mismatches at the {Syntax}-{Semantics }Interface},
  booktitle = {Proceedings of the 11th International Conference on {Head}-Driven {Phrase} {Structure} {Grammar}},
  publisher = {CSLI publications},
  year      = {2004},
  editor    = {Stefan {M\"uller}},
  pages     = {119--139},
  address   = {Stanford, CA},
}

@Article{CrysmannandBonami2016-duplicate-remove,
  author  = {Berthold Crysmann and Olivier Bonami},
  title   = {Variable morphotactics and {Information}-based {Morphology}},
  journal = {Journal of Linguistics},
  year    = {2016},
  volume  = {52},
  number  = {2},
  pages   = {311--374},
}

@InCollection{Copestake2009,
  author    = {Ann Copestake},
  title     = {Slacker semantics: {Why} superficiality, dependency and avoidance of commitment can be the right way to go},
  booktitle = {Proceedings of the 12th Conference of the {European} Chapter of the {ACL}},
  publisher = {Association for Computational Linguistics},
  year      = {2009},
  pages     = {1-9},
  address   = {Athens},
}

@Article{PollardandYoo1998,
  author  = {Pollard, Carl and Eun Jung Yoo},
  title   = {A unified theory of scope for quantifiers and \textit{wh}-phrases},
  journal = {Journal of Linguistics},
  year    = {1998},
  volume  = {34},
  pages   = {415-445},
}

@Book{Kayetal1992,
  title     = {Verbmobil: A Translation System for Face-to-Face Dialog},
  publisher = {CSLI Publications},
  year      = {1992},
  author    = {Martin Kay and Mark Gawron and Peter Norvig},
  number    = {33},
  series    = {Lecture Notes},
  address   = {Stanford},
}

@Book{Hornstein1995,
  title     = {Logical Form: From {GB} to {Minimalism}},
  publisher = {Basil Blackwell},
  year      = {1995},
  author    = {Norbert Hornstein},
  number    = {2},
  series    = {Generative Syntax},
  address   = {Cambridge, MA},
  comment   = {2 might be number in series},
}

