@INCOLLECTION{abeille_a-godard_d-miller_p-sag_i95,
  AUTHOR = {Abeillé, Anne and Godard, Dani{è}le and Miller, Philip and Sag, Ivan},
  EDITOR = {Dini, Luca and Balari, Sergio},
  LOCATION = {Stanford},
  PUBLISHER = {CSLI publications},
  BOOKTITLE = {{Romance} in {HPSG}},
  DATE = {1998},
  PAGES = {1--54},
  TITLE = {{French} Bounded Dependencies},
}

@THESIS{aguila-multner18,
  AUTHOR = {Aguila-Multner, Gabriel},
  INSTITUTION = {Université Paris--Diderot},
  DATE = {2018},
  TITLE = {{La pronominalisation sur l’auxiliaire comme exponence périphrastique}},
  TYPE = {mathesis},
}

@INPROCEEDINGS{Alotaibi:Borsley:13,
  AUTHOR = {Alotaibi, Mansour and Borsley, Robert D.},
  EDITOR = {Müller, Stefan},
  URL = {http://cslipublications.stanford.edu/HPSG/2013/alotaibi-borsley.pdf},
  BOOKTITLE = {Proceedings of the 20th International Conference on Head-Driven Phrase Structure Grammar, Freie Universit{ä}t Berlin},
  DATE = {2013},
  PAGES = {6--26},
  TITLE = {Gaps and Resumptive Pronouns in {Modern Standard Arabic}},
}

@INPROCEEDINGS{Alqurashi:Borsley:12-duplicate,
  AUTHOR = {Alqurashi, Abdulrahman and Borsley, Robert D.},
  EDITOR = {M{ü}ller, Stefan},
  URL = {http://cslipublications.stanford.edu/HPSG/2012/alqurashi-borsley.pdf},
  BOOKTITLE = {Proceedings of the 19th International Conference on Head-Driven Phrase Structure Grammar, Chungnam National University Daejeon},
  DATE = {2012},
  PAGES = {26--44},
  TITLE = {Arabic Relative Clauses in HPSG},
}

@INPROCEEDINGS{Arnold:04,
  AUTHOR = {Arnold, Doug J.},
  EDITOR = {M{ü}ller, Stefan},
  LOCATION = {Stanford},
  PUBLISHER = {CSLI Publications},
  URL = {http://cslipublications.stanford.edu/HPSG/5/arnold.pdf},
  BOOKTITLE = {Proceedings of the HPSG-2004 Conference, Center for Computational Linguistics, Katholieke Universiteit Leuven},
  DATE = {2004},
  PAGES = {27--47},
  TITLE = {{Non-Restrictive} Relative Clauses in Construction Based {HPSG}},
}

@INPROCEEDINGS{Arnold:Borsley:08-duplicate,
  AUTHOR = {Arnold, Doug and Borsley, Robert D.},
  EDITOR = {M{ü}ller, Stefan},
  LOCATION = {Stanford},
  PUBLISHER = {CSLI Publications},
  URL = {http://cslipublications.stanford.edu/HPSG/9/},
  BOOKTITLE = {The Proceedings of the 15th International Conference on Head-Driven Phrase Structure Grammar},
  DATE = {2008},
  PAGES = {325--345},
  TITLE = {Non-restrictive Relative Clauses, Ellipsis and Anaphora},
}

@INPROCEEDINGS{Arnold:Borsley:10-duplicate,
  AUTHOR = {Arnold, Doug and Borsley, Robert D.},
  EDITOR = {M{ü}ller, Stefan},
  LOCATION = {Stanford},
  PUBLISHER = {CSLI Publications},
  URL = {http://cslipublications.stanford.edu/HPSG/2010/},
  BOOKTITLE = {The Proceedings of the 17th International Conference on Head-Driven Phrase Structure Grammar},
  DATE = {2010},
  PAGES = {47--67},
  TITLE = {Auxiliary-Stranding Relative Clauses},
}

@INPROCEEDINGS{assmann10:_does_chain_hybrid_irish_suppor,
  AUTHOR = {Assmann, Anke and Heck, Fabian and Hein, Johannes and Keine, Stefan and Müller, Gereon},
  EDITOR = {Müller, Stefan},
  PUBLISHER = {CSLI Publications},
  BOOKTITLE = {Proceedings of the Workshop on Morphology and Formal Grammar at the 17th International Conference on Head-Driven Phrase Structure Grammar (HPSG 2010)},
  DATE = {2010},
  PAGES = {27--46},
  TITLE = {Does Chain Hybridization in Irish Support Movement-Based Approaches to Long-Distance Dependencies?},
}

@ARTICLE{Borsley89-duplicate,
  AUTHOR = {Borsley, Robert D.},
  DATE = {1989},
  JOURNALTITLE = {Journal of Linguistics},
  PAGES = {333--354},
  TITLE = {An {HPSG} approach to {Welsh}},
  VOLUME = {25},
}

@INCOLLECTION{Borsley:04-duplicate-geh-weg,
  AUTHOR = {Borsley, Robert D.},
  EDITOR = {M{ü}ller, Stefan},
  LOCATION = {Stanford},
  PUBLISHER = {CSLI Publications},
  URL = {http://cslipublications.stanford.edu/HPSG/5/},
  BOOKTITLE = {Proceedings of the HPSG-2004 Conference, Center for Computational Linguistics, Katholieke Universiteit Leuven},
  DATE = {2004},
  PAGES = {70--92},
  TITLE = {An Approach to English Comparative Correlatives},
}

@ARTICLE{Borsley:09a-removed,
  AUTHOR = {Borsley, Robert D.},
  URL = {http://dx.doi.org/10.1007/s11049-009-9067-3},
  DATE = {2009},
  JOURNALTITLE = {Natural Language and Linguistic Theory},
  NUMBER = {2},
  PAGES = {225--265},
  TITLE = {On the Superficiality of {Welsh} Agreement},
  VOLUME = {27},
}

@INPROCEEDINGS{Borsley:10,
  AUTHOR = {Borsley, Robert D.},
  EDITOR = {M{ü}ller, Stefan},
  LOCATION = {Stanford},
  PUBLISHER = {CSLI Publications},
  URL = {http://cslipublications.stanford.edu/HPSG/2010/},
  BOOKTITLE = {The Proceedings of the 17th International Conference on Head-Driven Phrase Structure Grammar},
  DATE = {2010},
  PAGES = {80--100},
  TITLE = {An HPSG Approach to {Welsh} Unbounded Dependencies},
}

@INCOLLECTION{Borsley:11-duplicate,
  AUTHOR = {Borsley, Robert D.},
  EDITOR = {Bonami, Olivier and Cabredo-Hofherr, Patrizia},
  PUBLISHER = {CSSP},
  BOOKTITLE = {Empirical Issues in Syntax and Semantics 8},
  DATE = {2011},
  PAGES = {7--26},
  TITLE = {Constructions, functional heads and comparative correlatives},
}

@ARTICLE{Borsley:13-removed,
  AUTHOR = {Borsley, Robert D.},
  URL = {http://dx.doi.org/10.1016/j.lingua.2013.03.005},
  DATE = {2013},
  JOURNALTITLE = {Lingua},
  PAGES = {1--29},
  TITLE = {On the Nature of {Welsh} Unbounded Dependencies},
  VOLUME = {133},
}

@ARTICLE{Borsley13-duplicate-removed,
  AUTHOR = {Borsley, Robert D.},
  DATE = {2013},
  JOURNALTITLE = {Lingua},
  PAGES = {1--29},
  TITLE = {On the nature of {Welsh} unbounded dependencies},
  VOLUME = {133},
}

@INCOLLECTION{Borsley:16:Archi,
  AUTHOR = {Borsley, Robert D.},
  EDITOR = {Bond, Oliver and Chumakina, M. and Corbett, Greville G. and Brown, Dunstan},
  LOCATION = {Oxford},
  PUBLISHER = {Oxford University Press},
  BOOKTITLE = {{Archi}: Complexities of Agreement in Cross-Theoretical Perspective},
  DATE = {2016},
  PAGES = {118--149},
  TITLE = {HPSG and the nature of agreement in {Archi}},
}

@ARTICLE{Bouma:Malouf:Sag:01,
  AUTHOR = {Bouma, Gosse and Malouf, Rob and Sag, Ivan A.},
  DATE = {2001},
  JOURNALTITLE = {Natural Language and Linguistic Theory},
  NUMBER = {1},
  PAGES = {1--65},
  TITLE = {Satisfying Constraints on Extraction and Adjunction},
  VOLUME = {19},
}

@BOOK{Bresnan01,
  AUTHOR = {Bresnan, Joan},
  LOCATION = {Oxford},
  PUBLISHER = {Basil Blackwell},
  DATE = {2001},
  TITLE = {Lexical-functional syntax},
}

@ARTICLE{Bresnan:Grimshaw:78,
  AUTHOR = {Bresnan, Joan and Grimshaw, Jane},
  DATE = {1978},
  JOURNALTITLE = {Linguistic Inquiry},
  PAGES = {331--391},
  TITLE = {The syntax of free relatives in English},
  VOLUME = {8},
}

@INPROCEEDINGS{Chaves:09-duplicate,
  AUTHOR = {Chaves, Rui P.},
  LOCATION = {Stanford},
  PUBLISHER = {CSLI Publications},
  URL = {http://cslipublications.stanford.edu/HPSG/2009/},
  BOOKTITLE = {Proceedings of the 16th International Conference on Head-Driven Phrase Structure Grammar, University of G{ö}ttingen, Germany},
  DATE = {2009},
  PAGES = {47--67},
  TITLE = {Construction-based Cumulation and Adjunct Extraction},
}

@ARTICLE{Chaves:12,
  AUTHOR = {Chaves, Rui P.},
  DATE = {2012},
  JOURNALTITLE = {Natural Language and Linguistic Theory},
  NUMBER = {30},
  PAGES = {465--512},
  TITLE = {On the grammar of extraction and coordination},
  VOLUME = {2},
}

@INCOLLECTION{Chomsky:77,
  AUTHOR = {Chomsky, Noam A.},
  EDITOR = {Culicover, Peter and Wasow, Tom and Akmajian, A.},
  LOCATION = {New York},
  PUBLISHER = {Academic Press},
  BOOKTITLE = {Formal Syntax},
  DATE = {1977},
  PAGES = {71--132},
  TITLE = {On \emph{wh}-movement},
}

@INCOLLECTION{crysmann_b04yom,
  AUTHOR = {Crysmann, Berthold},
  EDITOR = {Booij, Geert and van Marle, Jaap},
  PUBLISHER = {Kluwer},
  BOOKTITLE = {Yearbook of Morphology 2004},
  DATE = {2005},
  PAGES = {73--112},
  TITLE = {An Inflectional Approach to {Hausa} Final Vowel Shortening},
}

@ARTICLE{crysmann_b04rlc,
  AUTHOR = {Crysmann, Berthold},
  DATE = {2005},
  JOURNALTITLE = {Research on Language and Computation},
  NUMBER = {1},
  PAGES = {61--82},
  TITLE = {Relative Clause Extraposition in {German}: An Efficient and Portable Implementation},
  VOLUME = {3},
}

@INPROCEEDINGS{Crysmann:09,
  AUTHOR = {Crysmann, Berthold},
  LOCATION = {Stanford},
  PUBLISHER = {CSLI Publications},
  URL = {http://cslipublications.stanford.edu/HPSG/2009/},
  BOOKTITLE = {Proceedings of the 16th International Conference on Head-Driven Phrase Structure Grammar, University of G{ö}ttingen, Germany},
  DATE = {2009},
  PAGES = {68--88},
  TITLE = {Deriving Superficial Ergativity in Nias},
}

@INCOLLECTION{Crysmann:12,
  AUTHOR = {Crysmann, Berthold},
  EDITOR = {de Groote, Philippe and Nederhof, Mark-Jan},
  PUBLISHER = {Springer},
  BOOKTITLE = {Formal Grammar. 15th and 16th International Conference on Formal Grammar, FG 2010 Copenhagen, Denmark, August 2010, FG 2011 Lubljana, Slovenia, August 2011},
  DATE = {2012},
  TITLE = {Resumption and Islandhood in {Hausa}},
  VOLUME = {7395},
}

@INCOLLECTION{crysmann_b09xtra,
  AUTHOR = {Crysmann, Berthold},
  EDITOR = {Webelhuth, Gert and Sailer, Manfred and Walker, Heike},
  LOCATION = {Amsterdam},
  PUBLISHER = {John Benjamins},
  BOOKTITLE = {Rightward Movement in a Comparative Perspective},
  DATE = {2013},
  PAGES = {369--396},
  TITLE = {On the Locality of Complement Clause and Relative Clause Extraposition},
}

@INPROCEEDINGS{Crysmann:16-duplicate,
  AUTHOR = {Crysmann, Berthold},
  EDITOR = {Arnold, Doug and Butt, Miriam and Crysmann, Berthold and King, Tracy Holloway and M{ü}ller, Stefan},
  LOCATION = {Stanford, CA},
  PUBLISHER = {CSLI Publications},
  URL = {http://cslipublications.stanford.edu/HPSG/2016/headlex2016-crysmann.pdf},
  BOOKTITLE = {Proceedings of the Joint 2016 Conference on Head-driven Phrase Structure Grammar and Lexical Functional Grammar, Polish Academy of Sciences, Warsaw, Poland},
  DATE = {2016},
  PAGES = {194--214},
  TITLE = {An underspecification approach to Hausa resumption},
}

@INPROCEEDINGS{Crysmann:17,
  AUTHOR = {Crysmann, Berthold},
  EDITOR = {M{ü}ller, Stefan},
  LOCATION = {Stanford, CA},
  PUBLISHER = {CSLI Publications},
  URL = {http://cslipublications.stanford.edu/HPSG/2017/hpsg2017-crysmann.pdf},
  BOOKTITLE = {Proceedings of the 24th International Conference on Head-Driven Phrase Structure Grammar, University of Kentucky, Lexington},
  DATE = {2017},
  PAGES = {120--140},
  TITLE = {Resumption and case: A new take on Modern Standard Arabic},
}

@INPROCEEDINGS{Crysmann:Reintges:14-duplicate,
  AUTHOR = {Crysmann, Berthold and Reintges, Chris H.},
  EDITOR = {M{ü}ller, Stefan},
  LOCATION = {Stanford, CA},
  PUBLISHER = {CSLI Publications},
  URL = {http://cslipublications.stanford.edu/HPSG/2014/crysmann-reintges.pdf},
  BOOKTITLE = {Proceedings of the 21st International Conference on Head-Driven Phrase Structure Grammar, University at Buffalo},
  DATE = {2014},
  PAGES = {63--82},
  TITLE = {The Polyfunctionality of {Coptic} {Egyptian} Relative Complementisers},
}

@ARTICLE{culicover90:_extrap_and_compl_princ,
  AUTHOR = {Culicover, P. and Rochemont, M.},
  DATE = {1990},
  JOURNALTITLE = {Linguistic Inquiry},
  PAGES = {23--47},
  TITLE = {Extraposition and the Complement Principle},
  VOLUME = {21},
}

@BOOK{DeKuthy02,
  AUTHOR = {De Kuthy, Kordula},
  LOCATION = {Stanford, CA},
  PUBLISHER = {CSLI Publications},
  DATE = {2002},
  TITLE = {Discontinuous NPs in {G}erman.},
}

@ARTICLE{gazdar_g81,
  AUTHOR = {Gazdar, Gerald},
  DATE = {1981},
  JOURNALTITLE = {Linguistic Inquiry},
  PAGES = {155--184},
  TITLE = {Unbounded dependencies and coordinate structure},
  VOLUME = {12},
}

@BOOK{Gazdar85,
  AUTHOR = {Gazdar, Gerald and Klein, Ewan and Pullum, Geoffrey K. and Sag, Ivan A.},
  LOCATION = {Harvard},
  PUBLISHER = {Harvard University Press},
  DATE = {1985},
  TITLE = {Generalized Phrase Structure Grammar},
}

@BOOK{Ginzburg:Sag:01-duplicate-wrong,
  AUTHOR = {Ginzburg, Jonathan and Sag, Ivan A.},
  LOCATION = {Stanford, California},
  PUBLISHER = {CSLI Publications},
  URL = {http://cslipublications.stanford.edu/site/1575862786.html},
  DATE = {2001},
  TITLE = {Interrogative Investigations: the form, meaning, and use of English Interrogatives},
}

@INPROCEEDINGS{Groos:Riemsdijk:81,
  AUTHOR = {Groos, A. and van Riemsdijk, Henk},
  EDITOR = {Adriana Belleti, L. Brandi and Rizzi, Luigi},
  LOCATION = {Pisa},
  PUBLISHER = {Scuola Normale Superiore di Pisa},
  BOOKTITLE = {Theory of Markedness in Generative Grammar: Proceedings of the IVth GLOW Conference},
  DATE = {1981},
  PAGES = {171--216},
  TITLE = {Matching effects in free relatives: a parameter of core grammar},
}

@ARTICLE{Grosu:2003,
  AUTHOR = {Grosu, Alexander},
  DATE = {1989},
  JOURNALTITLE = {NLLT},
  PAGES = {247--331},
  TITLE = {A unified theory of `standard' and `transparent' free relatives},
  VOLUME = {21},
}

@THESIS{Grover:95,
  AUTHOR = {Grover, Claire},
  INSTITUTION = {University of Essex},
  DATE = {1995},
  TITLE = {Rethinking Some Empty Categories: Missing Objects and Parasitic Gaps in HPSG},
  TYPE = {phdthesis},
}

@INCOLLECTION{haider96:_downr_down_to_right,
  AUTHOR = {Haider, Hubert},
  EDITOR = {Lutz, U. and Pafel, J.},
  LOCATION = {Amsterdam},
  PUBLISHER = {John Benjamins Publishing Company},
  BOOKTITLE = {On Extraction and Extraposition in German},
  DATE = {1996},
  PAGES = {245--271},
  TITLE = {Downright down to the Right},
}

@INCOLLECTION{harris_a84udi,
  AUTHOR = {Harris, Alice},
  EDITOR = {Perlmutter, David M. and Rosen, Carol G.},
  LOCATION = {Chicago},
  PUBLISHER = {University of Chicago Press},
  BOOKTITLE = {Studies in Relational Grammar 2},
  DATE = {1984},
  PAGES = {243--258},
  TITLE = {Case Marking, Verb Agreement, and Inversion in {Udi}},
}

@THESIS{Henri10,
  AUTHOR = {Henri, Fabiola},
  INSTITUTION = {University of Mauritius and Universit{é} Paris Diderot},
  DATE = {2010},
  TITLE = {A Constraint-Based Approach to verbal constructions in {M}auritian},
  TYPE = {phdthesis},
}

@BOOK{Huddleston02,
  AUTHOR = {Huddleston, Rodney and Pullum, Geoffrey K.},
  LOCATION = {Cambridge},
  PUBLISHER = {Cambridge University Press},
  DATE = {2002},
  TITLE = {The Cambridge Grammar of the English Language},
}

@ARTICLE{hukari.levine:adjunct,
  AUTHOR = {Hukari, Thomas E. and Levine, Robert D.},
  DATE = {1995},
  JOURNALTITLE = {Journal of Linguistics},
  PAGES = {195--226},
  TITLE = {Adjunct extraction},
  VOLUME = {31},
}

@BOOK{jaggar01:_hausa,
  AUTHOR = {Jaggar, Philip},
  LOCATION = {Amsterdam},
  PUBLISHER = {John Benjamins},
  DATE = {2001},
  TITLE = {Hausa},
}

@ARTICLE{Johnson:Lappin:97,
  AUTHOR = {Johnson, David and Lappin, Shalom},
  DATE = {1997-06},
  JOURNALTITLE = {Linguistics and Philosophy},
  NUMBER = {4},
  PAGES = {273--333},
  TITLE = {A Critique of the Minimalist Program},
  VOLUME = {20},
}

@THESIS{Kathol:95b,
  AUTHOR = {Kathol, Andreas},
  INSTITUTION = {Ohio State University},
  DATE = {1995},
  TITLE = {Linearization-Based {G}erman Syntax},
  TYPE = {phdthesis},
}

@INCOLLECTION{kathol:scope-marking,
  AUTHOR = {Kathol, Andreas},
  EDITOR = {Webelhuth, Gert and Koenig, Jean-Pierre and Kathol, Andreas},
  LOCATION = {Stanford, CA},
  PUBLISHER = {CSLI Publications},
  BOOKTITLE = {Lexical and constructional aspects of linguistic explanation},
  DATE = {1998},
  PAGES = {357--371},
  TITLE = {The scope-marking construction in German},
}

@BOOK{kathol_a00,
  AUTHOR = {Kathol, Andreas},
  LOCATION = {Oxford},
  PUBLISHER = {Oxford University Press},
  DATE = {2000},
  TITLE = {Linear Syntax},
}

@REPORT{Keller:94a,
  AUTHOR = {Keller, Frank},
  INSTITUTION = {Institute for Logic and Linguistics},
  LOCATION = {IBM Heidelberg},
  DATE = {1994},
  NUMBER = {30},
  TITLE = {Extraposition in {HPSG}},
  TYPE = {Verbmobil Report},
}

@INPROCEEDINGS{Keller:95,
  AUTHOR = {Keller, Frank},
  LOCATION = {Dublin},
  ORGANIZATION = {Association for Computational Linguistics},
  BOOKTITLE = {Proceedings of the Seventh Meeting of the European ACL},
  DATE = {1995},
  PAGES = {301--306},
  TITLE = {Towards an Account of Extraposition in {HPSG}},
}

@INCOLLECTION{kibrik94:_archi,
  AUTHOR = {Kibrik, Aleksandr E.},
  EDITOR = {Smeets, Rieks},
  LOCATION = {Delmar, NY},
  PUBLISHER = {Caravan Books},
  BOOKTITLE = {Indigenous Languages of the Caucasus IV: North-East Caucasian Languages II: Presenting the Three Nakh Languages and Six Minor Lezgian Languages},
  DATE = {1994},
  PAGES = {297--365},
  TITLE = {Archi},
}

@ARTICLE{kiss_t02nllt,
  AUTHOR = {Kiss, Tibor},
  DATE = {2005},
  JOURNALTITLE = {Natural Language and Linguistic Theory},
  PAGES = {281--334},
  TITLE = {Semantic Constraints on Relative Clause Extraposition},
  VOLUME = {23},
}

@INPROCEEDINGS{Levine:03,
  AUTHOR = {Levine, Robert D.},
  EDITOR = {Kim, Jongbok and Wechsler, Stephen},
  LOCATION = {Stanford},
  PUBLISHER = {CSLI Publications},
  URL = {http://cslipublications.stanford.edu/HPSG/3/},
  BOOKTITLE = {The Proceedings of the 9th International Conference on Head-Driven Phrase Structure Grammar},
  DATE = {2003},
  PAGES = {209--232},
  TITLE = {Adjunct valents: cumulative scoping adverbial constructions and impossible descriptions},
}

@BOOK{Levine:Hukari:06,
  AUTHOR = {Levine, Robert D. and Hukari, Thomas E.},
  LOCATION = {Stanford University},
  PUBLISHER = {CSLI Publications},
  DATE = {2006},
  NUMBER = {166},
  SERIES = {CSLI Lecture Notes},
  TITLE = {The Unity of Unbounded Dependency Constructions},
}

@INCOLLECTION{Manning:Sag:99,
  AUTHOR = {Manning, Christopher D. and Sag, Ivan A.},
  LOCATION = {Stanford},
  PUBLISHER = {CSLI Publications},
  URL = {http://nlp.stanford.edu/~manning/papers/tuebingen97.ps},
  BOOKTITLE = {Lexical and Constructional Aspects of Linguistic Explanation},
  DATE = {1999},
  TITLE = {Dissociations between Argument Structure and Grammatical Relations},
}

@INCOLLECTION{mccloskey02:_resum_succes_cyclic_local_operat,
  AUTHOR = {McCloskey, James},
  EDITOR = {Epstein, Samuel David and Seely, T. Daniel},
  LOCATION = {Oxford},
  PUBLISHER = {Blackwell},
  BOOKTITLE = {Derivation and Explanation in the Minimalist Program},
  DATE = {2002},
  PAGES = {184--226},
  TITLE = {Resumptives, Successive Cyclicity, and the Locality of Operations},
}

@INCOLLECTION{mueller96:_extrap_and_succes_cyclic,
  AUTHOR = {Müller, Gereon},
  EDITOR = {Lutz, Uli and Pafel, Jürgen},
  LOCATION = {Amsterdam},
  PUBLISHER = {John Benjamins},
  BOOKTITLE = {On Extraction and Extraposition in {German}},
  DATE = {1996},
  PAGES = {213--243},
  TITLE = {On Extraposition and Successive Cyclicity},
}

@ARTICLE{Mueller:99a-removed,
  AUTHOR = {M{ü}ller, Stefan},
  URL = {http://hpsg.fu-berlin.de/~stefan/Pub/freeRel.html},
  DATE = {1999},
  JOURNALTITLE = {Grammars},
  NUMBER = {1},
  PAGES = {53--105},
  TITLE = {An {HPSG}-Analysis for Free Relative Clauses in {German}},
  VOLUME = {2},
}

@BOOK{Mueller:99-removed,
  AUTHOR = {M{ü}ller, Stefan},
  LOCATION = {Tübingen},
  PUBLISHER = {Max Niemeyer Verlag},
  URL = {http://hpsg.fu-berlin.de/~stefan/Pub/hpsg.html},
  DATE = {1999},
  NUMBER = {394},
  SERIES = {Linguistische Arbeiten},
  TITLE = {{Deutsche Syntax deklarativ. Head-Driven Phrase Structure Grammar für das Deutsche}},
}

@BOOK{Mueller99-removed,
  AUTHOR = {Müller, Stefan},
  LOCATION = {Tübingen},
  PUBLISHER = {Max Niemeyer Verlag},
  DATE = {1999},
  NUMBER = {394},
  SERIES = {Linguistische Arbeiten},
  TITLE = {{Deutsche Syntax deklarativ. Head-Driven Phrase Structure Grammar für das Deutsche}},
}

@REPORT{mueller_s01dfki,
  AUTHOR = {Müller, Stefan},
  INSTITUTION = {DFKI GmbH},
  LOCATION = {Saarbrücken},
  DATE = {2001},
  TITLE = {Continuous or Discontinuous Constituents},
  TYPE = {techreport},
}

@BOOK{Mueller:02b-duplicate,
  AUTHOR = {M{ü}ller, Stefan},
  LOCATION = {Stanford},
  PUBLISHER = {CSLI Publications},
  URL = {http://hpsg.fu-berlin.de/~stefan/Pub/complex.html},
  DATE = {2002},
  NUMBER = {13},
  SERIES = {Studies in Constraint-Based Lexicalism},
  TITLE = {Complex Predicates: Verbal Complexes, Resultative Constructions, and Particle Verbs in {German}},
}

@ARTICLE{mueller_s02lc,
  AUTHOR = {Müller, Stefan},
  DATE = {2004},
  JOURNALTITLE = {Research on Language and Computation},
  NUMBER = {2},
  PAGES = {209--257},
  TITLE = {Continuous or Discontinuous Constituents? {A} Comparison between Syntactic Analyses for Constituent Order and Their Processing Systems},
  VOLUME = {2},
}

@INPROCEEDINGS{Mueller:14b-duplicate,
  AUTHOR = {M{ü}ller, Stefan},
  EDITOR = {Monachesi, Paola and J{ä}ger, Gerhard and Penn, Gerald and Wintner, Shuly},
  LOCATION = {Stanford, CA},
  PUBLISHER = {CSLI Publications},
  URL = {http://hpsg.fu-berlin.de/~stefan/Pub/surface.html},
  BOOKTITLE = {Proceedings of Formal Grammar 2004, Nancy},
  DATE = {2014},
  PAGES = {91--109},
  TITLE = {Elliptical Constructions, Multiple Frontings, and Surface-Based Syntax},
}

@BOOK{newman_p00,
  AUTHOR = {Newman, Paul},
  LOCATION = {New Haven, CT},
  PUBLISHER = {Yale University Press},
  DATE = {2000},
  TITLE = {The {Hausa} Language. An Encyclopedic Reference Grammar},
}

@INCOLLECTION{Penn:99,
  AUTHOR = {Penn, Gerald},
  EDITOR = {Borsley, Robert D. and Przepi{ó}rkowski, Adam},
  LOCATION = {Stanford},
  PUBLISHER = {CSLI Publications},
  BOOKTITLE = {Slavic in Head-Driven Phrase Structure Grammar},
  CHAPTER = {6},
  DATE = {1999},
  PAGES = {149--182},
  SERIES = {Studies in Constraint-Based Lexicalism},
  TITLE = {Linearization and \emph{WH}-Extraction: Evidence from {Serbo-Croatian}},
}

@BOOK{Pollard:Sag:94-duplicate,
  AUTHOR = {Pollard, Carl and Sag, Ivan A.},
  LOCATION = {Chicago},
  PUBLISHER = {University of Chicago Press},
  DATE = {1994},
  TITLE = {Head-Driven Phrase Structure Grammar},
}

@INCOLLECTION{Reape:90,
  AUTHOR = {Reape, Mike},
  EDITOR = {Engdahl, Elisabeth and Reape, Mike},
  LOCATION = {University of Edinburgh},
  PUBLISHER = {Center for Cognitive Science and Department of Artificial Intelligence},
  BOOKTITLE = {Parametric Variation in Germanic and Romance: Preliminary Investigations},
  DATE = {1990},
  NOTE = {ESPRIT Basic Research Action 3175},
  NUMBER = {R1.1.A},
  PAGES = {25--39},
  SERIES = {DYANA Deliverable},
  TITLE = {A Theory of Word Order and Discontinuous Constituency in West Continental Germanic},
}

@INCOLLECTION{Reape:94,
  AUTHOR = {Reape, Mike},
  EDITOR = {Nerbonne, John and Netter, Klaus and Pollard, Carl},
  LOCATION = {Stanford University},
  PUBLISHER = {CSLI Publications},
  BOOKTITLE = {German in {Head-Driven Phrase Structure Grammar}},
  DATE = {1994},
  NUMBER = {46},
  PAGES = {151--197},
  SERIES = {Lecture Notes},
  TITLE = {Domain Union and Word Order Variation in {G}erman},
}

@THESIS{ross_j67,
  AUTHOR = {Ross, John R.},
  INSTITUTION = {MIT},
  DATE = {1967},
  TITLE = {Constraints on Variables in Syntax},
  TYPE = {phdthesis},
}

@ARTICLE{Sag:97-duplicate,
  AUTHOR = {Sag, Ivan},
  URL = {ftp://ftp-csli.stanford.edu/linguistics/sag/rel-pap.ps.gz},
  DATE = {1997},
  JOURNALTITLE = {Journal of Linguistics},
  NUMBER = {2},
  PAGES = {431--484},
  TITLE = {English Relative Clause Constructions},
  VOLUME = {33},
}

@ARTICLE{Sag:10a-duplicate,
  AUTHOR = {Sag, Ivan A.},
  URL = {http://lingo.stanford.edu/sag/papers/xcons.pdf},
  DATE = {2010},
  JOURNALTITLE = {Language},
  NUMBER = {3},
  PAGES = {486--545},
  TITLE = {English Filler-Gap Constructions},
  VOLUME = {86},
}

@INCOLLECTION{Sag:12-duplicate,
  AUTHOR = {Sag, Ivan A.},
  EDITOR = {Boas, Hans C. and Sag, Ivan A.},
  PUBLISHER = {CSLI Publications},
  URL = {http://lingo.stanford.edu/sag/papers/theo-syno.pdf},
  BOOKTITLE = {Sign-based Construction Grammar},
  DATE = {2012},
  NUMBER = {193},
  PAGES = {69--202},
  SERIES = {CSLI Lecture Notes},
  TITLE = {Sign-Based Construction Grammar: An Informal Synopsis},
}

@BOOK{Sag:Wasow:ea:03,
  AUTHOR = {Sag, Ivan A. and Wasow, Thomas and Bender, Emily M.},
  LOCATION = {Stanford},
  PUBLISHER = {CSLI Publications},
  URL = {http://cslipublications.stanford.edu/site/1575864002.html},
  DATE = {2003},
  EDITION = {2},
  TITLE = {Syntactic Theory: A Formal Introduction},
}

@THESIS{sells_p84,
  AUTHOR = {Sells, Peter},
  INSTITUTION = {University of Massachusetts at Amherst},
  DATE = {1984},
  TITLE = {Syntax and Semantics of Resumptive Pronouns},
  TYPE = {phdthesis},
}

@THESIS{taghvaipour:phd:05,
  AUTHOR = {Taghvaipour, Mehran},
  INSTITUTION = {University of Essex},
  DATE = {2005},
  TITLE = {{Persian} Relative Clauses in {Head-driven Phrase Structure Grammar}},
  TYPE = {phdthesis},
}

@THESIS{tuller_l86,
  AUTHOR = {Tuller, Laurice A.},
  INSTITUTION = {UCLA},
  LOCATION = {Ann Arbor},
  PUBLISHER = {University Microfilms},
  DATE = {1986},
  TITLE = {Bijective Relations in {Universal} {Grammar} and the Syntax of {Hausa}},
  TYPE = {phdthesis},
}

@INPROCEEDINGS{Vaillette:01,
  AUTHOR = {Vaillette, Nathan},
  EDITOR = {Flickinger, Dan and Kathol, Andreas},
  LOCATION = {Stanford},
  PUBLISHER = {CSLI Publications},
  BOOKTITLE = {The Proceedings of the 7th International Conference on Head-Driven Phrase Structure Grammar},
  DATE = {2001},
  PAGES = {305--324},
  TITLE = {Hebrew relative clauses in {HPSG}},
}

@INCOLLECTION{Webelhuth:12-fixed-incomplete-removed,
  AUTHOR = {Webelhuth, Gert},
  EDITOR = {Boas, Hans and Sag, Ivan A.},
  LOCATION = {Stanford},
  PUBLISHER = {CSLI Publications},
  BOOKTITLE = {Sign-based Construction Grammar},
  DATE = {2012},
  PAGES = {203--227},
  TITLE = {The Distribution of \emph{that}-clauses in {English}: {An} {SBCG} Account},
}

@MISC{wiltschko94:_extrap_in_german-removed-wrong,
  AUTHOR = {Wiltschko, Martina},
  DATE = {1994},
  NOTE = {Wiener Linguistische Gazette, 48--50},
  TITLE = {Extraposition in {German}},
}

