

@incollection{andrews072nded,
	Address = {Cambridge},
	Author = {Avery D. Andrews},
	Booktitle = {Language Typology and Syntactic Description: Clause Structure},
	Date-Added = {2019-06-26 00:22:35 -0500},
	Date-Modified = {2019-06-26 00:22:35 -0500},
	Edition = {2nd},
	Editor = {Timothy Shopen},
	Pages = {132--223},
	Publisher = {Cambridge University Press},
	Title = {The Major Functions of the Noun Phrase},
	Year = {2007}}

@incollection{andrews85,
	Address = {Cambridge},
	Author = {Avery D. Andrews},
	Booktitle = {Language Typology and Syntactic Description: Clause Structure},
	Date-Added = {2019-06-26 00:22:35 -0500},
	Date-Modified = {2019-06-26 00:22:35 -0500},
	Edition = {1st Edition},
	Editor = {Timothy Shopen},
	Pages = {62--154},
	Publisher = {Cambridge University Press},
	Title = {The Major Functions of the Noun Phrase},
	Year = {1985}}

@book{wichdon08,
	Address = {Oxford},
	Date-Added = {2019-06-26 00:13:24 -0500},
	Date-Modified = {2019-06-26 00:13:24 -0500},
	Editor = {S√∏ren Wichmann and Mark Donohue},
	Publisher = {Oxford University Press},
	Title = {The Typology of Semantic Alignment},
	Year = {2008}}

@article{wecharka98,
	Author = {Stephen Wechsler and I. Wayan Arka},
	Date-Added = {2019-06-26 00:12:58 -0500},
	Date-Modified = {2019-06-26 00:12:58 -0500},
	Journal = {Natural Language and Linguistic Theory},
	Number = {2},
	Pages = {387--442},
	Title = {Syntactic Ergativity in {B}alinese: {An} Argument Structure Based Theory},
	Volume = {16},
	Year = {1998}}

@book{verbeke13,
	Address = {Berlin},
	Author = {Saartje Verbeke},
	Date-Added = {2019-06-26 00:11:52 -0500},
	Date-Modified = {2019-06-26 00:11:52 -0500},
	Publisher = {Walter de Gruyter},
	Title = {Alignment and Ergativity in {New Indo-Aryan} Languages},
	Year = {2013}}

@incollection{SL13,
	Address = {Amsterdam},
	Author = {Gary F. Simons and M. Paul Lewis},
	Booktitle = {Responses to language endangerment. In honor of {Mickey} {Noonan}},
	Date-Added = {2019-06-26 00:11:13 -0500},
	Date-Modified = {2019-06-26 00:11:13 -0500},
	Editor = {Elena Mihas and Bernard Perley and Gabriel Rei-Doval and Kathleen Wheatley},
	Pages = {3--19},
	Publisher = {John Benjamins},
	Series = {Studies in Language Companion Series},
	Title = {The world's languages in crisis: A 20-year update},
	Volume = {142},
	Year = {2013}}

@article{siewierska99,
	Author = {Anna Siewierska},
	Date-Added = {2019-06-26 00:09:33 -0500},
	Date-Modified = {2019-06-26 00:09:33 -0500},
	Journal = {Folia Linguistica},
	Number = {2},
	Pages = {225--251},
	Title = {From anaphoric pronoun to grammatical agreement marker: {Why} objects don't make it},
	Volume = {33},
	Year = {1999}}

@incollection{siewierskaWALSalignvp,
	Author = {Anna Siewierska},
	Booktitle = {The World Atlas of Language Structures Online},
	Crossref = {dryhaspWALS},
	Date-Added = {2019-06-26 00:09:33 -0500},
	Date-Modified = {2019-06-26 17:44:50 -0500},
	Note = {Available online at \url{http://wals.info/chapter/100}, accessed on 2018-08-01.},
	Title = {Alignment of Verbal Person Marking}}

@incollection{siewierskaWALSvpm,
	Author = {Anna Siewierska},
	Booktitle = {The World Atlas of Language Structures Online},
	Crossref = {dryhaspWALS},
	Date-Added = {2019-06-26 00:09:33 -0500},
	Date-Modified = {2019-06-26 17:44:38 -0500},
	Note = {Available online at \url{http://wals.info/chapter/102}, accessed on 2018-08-01.},
	Title = {Verbal Person Marking}}

@mastersthesis{saleem10,
	Author = {Safiyyah Saleem},
	Date-Added = {2019-06-26 00:06:03 -0500},
	Date-Modified = {2019-06-26 00:06:03 -0500},
	School = {University of Washington},
	Title = {Argument Optionality: A New Library for the Grammar Matrix Customization System},
	Url = {http://www.delph-in.net/matrix/saleem-thesis.pdf},
	Year = {2010},
	Bdsk-Url-1 = {http://www.delph-in.net/matrix/saleem-thesis.pdf}}

@incollection{runara03,
	Address = {Stanford, CA},
	Author = {Jeffrey T. Runner and Ra√∫l Aranovich},
	Booktitle = {{Proceedings of the 10th International Conference on Head-Driven Phrase Structure Grammar, Michigan State University}},
	Date-Added = {2019-06-26 00:03:29 -0500},
	Date-Modified = {2019-06-26 00:03:29 -0500},
	Editor = {Stefan M√ºller},
	Pages = {359--379},
	Publisher = {CSLI Publications},
	Title = {Noun Incorporation and Rule Interaction in the Lexicon},
	Url = {http://cslipublications.stanford.edu/HPSG/2003/runner-aranovich.pdf},
	Year = {2003},
	Bdsk-Url-1 = {http://cslipublications.stanford.edu/HPSG/2003/runner-aranovich.pdf}}

@incollection{ross02,
	Author = {Malcolm Ross},
	Booktitle = {The History and Typology of Western {A}ustronesian Voice Systems},
	Crossref = {woukross02},
	Date-Added = {2019-06-25 23:57:47 -0500},
	Date-Modified = {2019-06-25 23:57:47 -0500},
	Pages = {17--62},
	Title = {The History and Transitivity of Western {A}ustronesian Voice and Voice-Marking}}

@book{plank79,
	Address = {London},
	Date-Added = {2019-06-25 23:54:01 -0500},
	Date-Modified = {2019-06-25 23:54:01 -0500},
	Editor = {Frans Plank},
	Publisher = {Academic Press},
	Title = {Ergativity: Towards a theory of grammatical relations},
	Year = {1979}}

@incollection{pestor07,
	Address = {Amsterdam},
	Author = {David Pesetsky and Esther Torrego},
	Booktitle = {Phrasal and clausal architecture: syntactic derivation and interpretation, In honor of {Joseph E. Emonds}},
	Date-Added = {2019-06-25 23:52:46 -0500},
	Date-Modified = {2019-06-25 23:52:46 -0500},
	Editor = {Simin Karimi and Vida Samiian and Wendy K. Wilkins},
	Pages = {262--294},
	Publisher = {John Benjamins},
	Title = {The syntax of valuation and the interpretability of features},
	Year = {2007}}

@book{mulder94,
	Address = {Berkeley},
	Author = {Jean Gail {Mulder}},
	Date-Added = {2019-06-25 23:33:03 -0500},
	Date-Modified = {2019-06-25 23:33:03 -0500},
	Publisher = {University of California Press},
	Title = {Ergativity in {C}oast {T}simshian ({S}m'algyùöäÃ≤x)},
	Year = {1994}}

@inproceedings{muansuwan01,
	Address = {Stanford},
	Author = {Nuttanart Muansuwan},
	Crossref = {FK2001a-ed},
	Pages = {229--246},
	Title = {Directional Serial Verb Constructions in {Thai}}}

@phdthesis{muansuwan02,
	Author = {Nuttanart Muansuwan},
	Date-Added = {2019-06-25 23:32:30 -0500},
	Date-Modified = {2019-06-25 23:32:30 -0500},
	School = {University at Buffalo, the State University of New York},
	Title = {Verb Complexes in {T}hai},
	Year = {2002},
	Bdsk-Url-1 = {http://staff.kmutt.ac.th/~inutuwan/}}

@book{monachesi05,
	Address = {Oxford},
	Author = {Paola Monachesi},
	Date-Added = {2019-06-25 23:31:05 -0500},
	Date-Modified = {2019-06-25 23:31:05 -0500},
	Publisher = {Oxford University Press},
	Title = {The Verbal Complex in {R}omance: A Case Study in Grammatical Interfaces},
	Year = {2005}}

@article{mithun91,
	Author = {Marianne Mithun},
	Date-Added = {2019-06-25 23:29:08 -0500},
	Date-Modified = {2019-06-25 23:29:08 -0500},
	Journal = {Language},
	Number = {3},
	Pages = {510--546},
	Title = {Active/Agentive Case Marking and Its Motivations},
	Volume = {67},
	Year = {1991}}

@article{mannsag98,
	Author = {Christopher D. Manning and Ivan A. Sag},
	Date-Added = {2019-06-25 23:22:23 -0500},
	Date-Modified = {2019-06-25 23:22:23 -0500},
	Journal = {Nordic Journal of Linguistics},
	Pages = {107--144},
	Title = {Argument Structure, Valence, and Binding},
	Volume = 21,
	Year = 1998}

@incollection{malouf99,
	Address = {Stanford, CA},
	Author = {Robert Malouf},
	Booktitle = {Lexical and Constructional Aspects of Linguistic Explanation},
	Crossref = {WKK99},
	Date-Added = {2019-06-25 23:17:17 -0500},
	Date-Modified = {2019-06-25 23:17:17 -0500},
	Editor = {Gert Webelhuth and Jean-Pierre Koenig and Andreas Kathol},
	Pages = {47--62},
	Publisher = {CSLI Publications},
	Title = {{W}est {G}reenlandic Noun Incorporation in a Mono-hierarchical Theory of Grammar},
	Year = {1999}}

@inproceedings{lee12,
	Author = {Lee, Juwon},
	Booktitle = {{The Proceedings of the 19th International Conference on Head-Driven Phrase Structure Grammar, Chungnam National University, Daejeon}},
	Date-Added = {2019-06-25 23:16:10 -0500},
	Date-Modified = {2019-06-25 23:16:10 -0500},
	Editor = {Stefan M√ºller},
	Pages = {251--270},
	Title = {The Direct Evidential -\emph{te} in {Korean}: Its Interaction with Person and Experiencer Predicate},
	Url = {http://cslipublications.stanford.edu/HPSG/2012/lee.pdf},
	Year = {2012},
	Bdsk-Url-1 = {http://cslipublications.stanford.edu/HPSG/2012/lee.pdf}}

@inproceedings{lee14,
	Address = {Stanford, CA},
	Author = {Lee, Juwon},
	Booktitle = {{The Proceedings of the 21st International Conference on Head-Driven Phrase Structure Grammar, University at Buffalo}},
	Date-Added = {2019-06-25 23:16:10 -0500},
	Date-Modified = {2019-06-25 23:16:10 -0500},
	Editor = {Stefan M√ºller},
	Pages = {135--155},
	Publisher = {CSLI Publications},
	Title = {Two Types of Serial Verb Constructions in {Korean}: Subject-Sharing and Index-Sharing},
	Url = {http://cslipublications.stanford.edu/HPSG/2014/lee.pdf},
	Year = {2014},
	Bdsk-Url-1 = {http://cslipublications.stanford.edu/HPSG/2014/lee.pdf}}

@misc{laka96,
	Author = {Itziar Laka},
	Date-Added = {2019-06-25 23:09:54 -0500},
	Date-Modified = {2019-06-26 17:40:34 -0500},
	Howpublished = {Manuscript, University of the Basque Country},
	Note = {Available at \url{http://www.ehu.es/grammar}, accessed on 2018-08-01},
	Title = {A Brief Grammar of {E}uskara, the {B}asque language},
	Year = {1996}}

@article{kroeger10,
	Annote = {http://www.jstor.org/stable/40783584},
	Author = {Paul R. Kroeger},
	Date-Added = {2019-06-25 23:05:17 -0500},
	Date-Modified = {2019-06-25 23:05:17 -0500},
	Journal = {Oceanic Linguistics},
	Number = {1},
	Pages = {1--20},
	Title = {The Grammar of \emph{hitting}, \emph{breaking}, and \emph{cutting} in {Kimaragang Dusun}},
	Volume = {49},
	Year = {2010},
	Bdsk-Url-1 = {http://www.jstor.org/stable/40783584}}

@article{krauss92,
	Author = {Michael Krauss},
	Date-Added = {2019-06-25 23:03:27 -0500},
	Date-Modified = {2019-06-25 23:03:27 -0500},
	Journal = {Language},
	Number = {1},
	Pages = {4--10},
	Title = {The World's Languages in Crisis},
	Volume = {68},
	Year = {1992}}

@article{KM15,
	Author = {{Jean-Pierre} Koenig and Karin Michelson},
	Date-Added = {2019-06-25 23:02:58 -0500},
	Date-Modified = {2019-06-25 23:02:58 -0500},
	Journal = {Language},
	Number = {1},
	Pages = {1--47},
	Title = {Invariance in Argument Realization: The Case of {I}roquoian},
	Volume = {91},
	Year = {2015}}

@book{klimov73,
	Address = {Moscow},
	Author = {Georgij A. Klimov},
	Date-Added = {2019-06-25 22:57:36 -0500},
	Date-Modified = {2019-06-25 22:57:36 -0500},
	Publisher = {Nauka},
	Title = {Oƒçerk ob≈°ƒçej teorii ergativnosti [{O}utline of a general theory of ergativity]},
	Year = {1973}}

@article{klimov74,
	Author = {Georgij A. Klimov},
	Date-Added = {2019-06-25 22:57:36 -0500},
	Date-Modified = {2019-06-25 22:57:36 -0500},
	Journal = {Linguistics},
	Number = {131},
	Pages = {11--26},
	Title = {On The Character of Languages of Active Typology},
	Volume = {12},
	Year = {1974}}

@incollection{keenan2000,
	Address = {Dordrecht},
	Author = {Edward L. Keenan},
	Booktitle = {Formal Issues in {A}ustronesian Linguistics},
	Date-Added = {2019-06-25 20:47:19 -0500},
	Date-Modified = {2019-06-25 20:47:19 -0500},
	Editor = {Ileana Paul and Vivianne Phillips and Lisa Travis},
	Pages = {27--47},
	Publisher = {Kluwer},
	Title = {Morphology is Structure: A {M}alagasy Test Case},
	Year = {2000}}

@incollection{keenan76subjects,
	Author = {Edward L. Keenan},
	Booktitle = {Subject and Topic},
	Crossref = {li76},
	Date-Added = {2019-06-25 20:45:45 -0500},
	Date-Modified = {2019-06-25 20:45:45 -0500},
	Pages = {303--333},
	Publisher = {Academic Press},
	Title = {Towards a Universal Definition of Subject},
	Year = {1976}}

@incollection{schachter76,
	Author = {Paul Schachter},
	Booktitle = {Subject and Topic},
	Crossref = {li76},
	Date-Added = {2019-06-25 20:45:45 -0500},
	Date-Modified = {2019-06-25 20:45:45 -0500},
	Pages = {317--363},
	Publisher = {Academic Press},
	Title = {The Subject in {P}hilippine Languages: Topic, actor, actor-topic, or none of the above},
	Year = {1976}}

@article{jelinek84,
	Author = {Eloise Jelinek},
	Date-Added = {2019-06-25 20:34:00 -0500},
	Date-Modified = {2019-06-25 20:34:00 -0500},
	Journal = {Natural Language and Linguistic Theory},
	Number = {1},
	Pages = {39--78},
	Title = {Empty Categories, Case, and Configurationality},
	Volume = {2},
	Year = {1984}}

@article{jacqant14,
	Author = {Guillaume Jacques and Anton Antonov},
	Date-Added = {2019-06-25 20:32:11 -0500},
	Date-Modified = {2019-06-25 20:32:11 -0500},
	Journal = {Language and Linguistics Compass},
	Number = {7},
	Pages = {301--318},
	Title = {Direct/inverse systems},
	Volume = {8},
	Year = {2014}}

@incollection{himmelmann05typchar,
	Address = {London},
	Author = {Nikolaus P. Himmelmann},
	Booktitle = {The {A}ustronesian Langauges of {A}sia and {M}adagascar},
	Date-Added = {2019-06-25 20:31:32 -0500},
	Date-Modified = {2019-06-25 20:31:32 -0500},
	Editor = {Alexander Adelaar and Nikolaus P. Himmelmann},
	Pages = {110--181},
	Publisher = {Routledge},
	Title = {The {A}ustronesian languages of {A}sia and {M}adagascar: Typological characteristics},
	Year = {2005}}

@incollection{haspelmath13,
	Address = {Berlin},
	Author = {Martin Haspelmath},
	Booktitle = {Languages across boundaries: Studies in memory of {A}nna {S}iewierska},
	Date-Added = {2019-06-25 20:26:35 -0500},
	Date-Modified = {2019-06-25 20:26:35 -0500},
	Editor = {Dik Bakker and Martin Haspelmath},
	Pages = {197--226},
	Publisher = {Mouton de Gruyter},
	Title = {Argument indexing: A conceptual framework for the syntax of bound person forms},
	Year = {2013}}

@book{haspelmath93,
	Address = {Berlin},
	Author = {Martin Haspelmath},
	Date-Added = {2019-06-25 20:24:46 -0500},
	Date-Modified = {2019-06-25 20:24:46 -0500},
	Publisher = {Mouton de Gruyter},
	Title = {A Grammar of {L}ezgian},
	Year = {1993}}

@misc{glottolog18,
	Address = {Jena},
	Author = {Harald Hammarstr√∂m and Robert Forkel and Martin Haspelmath},
	Date-Added = {2019-06-25 20:24:10 -0500},
	Date-Modified = {2019-06-26 17:40:00 -0500},
	Doi = {10.5281/zenodo.1321024},
	Optnote = {Available online at http://glottolog.org, Accessed on 2018-07-31},
	Publisher = {Max Planck Institute for the Science of Human History},
	Title = {Glottolog 3.3},
	Year = {2018},
	Bdsk-Url-1 = {https://dx.doi.org/10.5281/zenodo.1321024}}

@incollection{framgut06,
	Address = {Amsterdam},
	Author = {John Frampton and Sam Gutmann},
	Booktitle = {Agreement Systems},
	Date-Added = {2019-06-25 20:22:19 -0500},
	Date-Modified = {2019-06-25 20:22:19 -0500},
	Editor = {Cedric Boeckx},
	Pages = {121--157},
	Publisher = {John Benjamins},
	Title = {How sentences grow in the mind: agreement and selection inefficient minimalist syntax},
	Year = {2006}}

@phdthesis{fokkens14,
	Author = {Antske Fokkens},
	Date-Added = {2019-06-25 20:21:18 -0500},
	Date-Modified = {2019-06-25 20:21:18 -0500},
	School = {Saarland University},
	Title = {Enhancing Empirical Research for Linguistically Motivated Precision Grammars},
	Year = {2014}}

@incollection{dukes2000,
	Address = {Stanford, CA},
	Annote = {http://csli-publications.stanford.edu/HPSG/1/hpsg00dukes.pdf},
	Author = {Michael Dukes},
	Booktitle = {{The Proceedings of the 7th International Conference on Head-Driven Phrase Structure Grammar}},
	Date-Added = {2019-06-25 20:18:20 -0500},
	Date-Modified = {2019-06-25 20:20:00 -0500},
	Editor = {Dan Flickinger and Andreas Kathol},
	Pages = {63--80},
	Publisher = {CSLI Publications},
	Title = {The Morphosyntax of 2{P} Pronouns in {T}ongan},
	Url = {http://csli-publications.stanford.edu/HPSG/1/hpsg00dukes.pdf},
	Year = {2001},
	Bdsk-Url-1 = {http://csli-publications.stanford.edu/HPSG/1/hpsg00dukes.pdf}}

@incollection{dryerWALSwordorder,
	Author = {Matthew S. Dryer},
	Booktitle = {The World Atlas of Language Structures Online},
	Crossref = {dryhaspWALS},
	Date-Added = {2019-06-25 20:17:16 -0500},
	Date-Modified = {2019-06-26 17:47:07 -0500},
	Note = {Available online at \url{http://wals.info/chapter/81}, accessed on 2018-08-01.},
	Title = {Order of Subject, Object, and Verb}}

@unpublished{donosag99,
	Author = {Cathryn Donohue and Ivan A. Sag},
	Date-Added = {2019-06-25 20:13:56 -0500},
	Date-Modified = {2019-06-25 20:13:56 -0500},
	Note = {Manuscript, Stanford University},
	Title = {Domains in {W}arlpiri},
	Year = {1999}}

@inproceedings{dabkowski17,
	Address = {Stanford, CA},
	Author = {D\k{a}bkowski, Maksymilian},
	Booktitle = {{Proceedings of the 24th International Conference on Head-Driven Phrase Structure Grammar, University of Kentucky, Lexington}},
	Date-Added = {2019-06-25 20:12:43 -0500},
	Date-Modified = {2019-06-25 20:12:43 -0500},
	Editor = {M√ºller, Stefan},
	Pages = {162--178},
	Publisher = {CSLI Publications},
	Title = {Yucatecan Control and Lexical Categories in {SBCG}},
	Url = {http://cslipublications.stanford.edu/HPSG/2017/hpsg2017-dabkowski.pdf},
	Year = {2017},
	Bdsk-Url-1 = {http://cslipublications.stanford.edu/HPSG/2017/hpsg2017-dabkowski.pdf}}

@article{dixon79,
	Author = {R.M.W. Dixon},
	Date-Added = {2019-06-25 20:10:27 -0500},
	Date-Modified = {2019-06-25 20:10:27 -0500},
	Journal = {Language},
	Number = {1},
	Pages = {59--138},
	Title = {Ergativity},
	Volume = {55},
	Year = {1979}}

@book{dixon94,
	Address = {Cambridge},
	Author = {R.M.W. Dixon},
	Date-Added = {2019-06-25 20:10:27 -0500},
	Date-Modified = {2019-06-25 20:10:27 -0500},
	Publisher = {Cambridge University Press},
	Title = {Ergativity},
	Year = {1994}}

@inproceedings{CB11,
	Address = {Stanford, CA},
	Author = {Crowgey, Joshua and Bender, Emily M.},
	Booktitle = {{Proceedings of the 18th International Conference on Head-Driven Phrase Structure Grammar, University of Washington}},
	Date-Added = {2019-06-25 20:03:26 -0500},
	Date-Modified = {2019-06-25 20:03:26 -0500},
	Editor = {M√ºller, Stefan},
	Optissn = {15351793},
	Pages = {46--59},
	Publisher = {CSLI Publications},
	Title = {Analyzing Interacting Phenomena: Word Order and Negation in {Basque}},
	Url = {http://cslipublications.stanford.edu/HPSG/2011/crowgey-bender.pdf},
	Year = {2011},
	Bdsk-Url-1 = {http://cslipublications.stanford.edu/HPSG/2011/crowgey-bender.pdf}}

@article{corbett03,
	Author = {Greville G. Corbett},
	Date-Added = {2019-06-25 20:00:28 -0500},
	Date-Modified = {2019-06-25 20:00:28 -0500},
	Journal = {Transactions of the Philological Society},
	Number = {2},
	Pages = {155--202},
	Title = {Agreement: The range of the phenomenon and the principles of the {S}urrey {D}atabase of {A}greement},
	Volume = {101},
	Year = {2003}}

@incollection{comrie78erg,
	Address = {Austin},
	Author = {Bernard Comrie},
	Booktitle = {Syntactic Typology: Studies in the Phenomenology of Language},
	Date-Added = {2019-06-25 18:54:30 -0500},
	Date-Modified = {2019-06-25 18:54:30 -0500},
	Editor = {Winfred P. Lehmann},
	Pages = {329--294},
	Publisher = {University of Texas Press},
	Title = {Ergativity},
	Year = {1978}}

@incollection{comrieWALSalignfullNP,
	Author = {Bernard Comrie},
	Booktitle = {The World Atlas of Language Structures Online},
	Crossref = {dryhaspWALS},
	Date-Added = {2019-06-25 18:54:30 -0500},
	Date-Modified = {2019-06-26 17:45:03 -0500},
	Note = {Available online at \url{http://wals.info/chapter/98}, accessed on 2018-08-01.},
	Title = {Alignment of Case Marking in Full Noun Phrases}}

@incollection{comrieWALSalignpro,
	Author = {Bernard Comrie},
	Booktitle = {The World Atlas of Language Structures Online},
	Crossref = {dryhaspWALS},
	Date-Added = {2019-06-25 18:54:30 -0500},
	Date-Modified = {2019-06-26 17:45:54 -0500},
	Note = {Available at \url{http://wals.info/chapter/99}, accessed on 2018-08-01.},
	Title = {Alignment of Case Marking of Pronouns},
	Urldate = {2018-08-01}}

@incollection{clemenspolinsky17,
	Address = {Hoboken, NJ},
	Author = {Lauren Eby Clemens and Maria Polinsky},
	Booktitle = {The {W}iley-{B}lackwell Companion of Syntax},
	Date-Added = {2019-06-25 18:53:25 -0500},
	Date-Modified = {2019-06-25 18:53:25 -0500},
	Edition = {2nd},
	Editor = {Martin Everaert and Henk van Riemsdijk},
	Publisher = {Wiley-Blackwell},
	Title = {Verb-Initial Word Orders (primarily in {A}ustronesian and {M}ayan languages)},
	Year = {2017}}

@book{BTW07,
	Address = {Cambridge},
	Author = {Robert D. Borsley and Maggie Tallerman and David Willis},
	Date-Added = {2019-06-25 18:43:34 -0500},
	Date-Modified = {2019-06-25 18:43:34 -0500},
	Publisher = {Cambridge University Press},
	Title = {The Syntax of {Welsh}},
	Year = {2007}}

@article{borsley06,
	Author = {Robert D. Borsley},
	Date-Added = {2019-06-25 18:43:13 -0500},
	Date-Modified = {2019-06-25 18:43:13 -0500},
	Journal = {Lingua},
	Number = {4},
	Pages = {462--490},
	Title = {On the Nature of {W}elsh {VSO} Clauses},
	Volume = {116},
	Year = {2006}}

@article{borsley95,
	Author = {Robert D. Borsley},
	Date-Added = {2019-06-25 18:42:56 -0500},
	Date-Modified = {2019-06-25 18:42:56 -0500},
	Journal = {Linguistics},
	Number = {1},
	Pages = {99--122},
	Title = {On Some Similarities and Differences between {W}elsh and {S}yrian {A}rabic},
	Volume = {33},
	Year = {1995}}

@incollection{borsley16,
	Address = {Oxford},
	Author = {Robert D. Borsley},
	Booktitle = {Archi: Complexities of Agreement in Cross-Theoretical Perspective},
	Date-Added = {2019-06-25 18:42:40 -0500},
	Date-Modified = {2019-06-25 18:42:40 -0500},
	Editor = {Oliver Bond and Greville G. Corbett and Marina Chumakina and Dustan Brown},
	Pages = {118--149},
	Publisher = {Oxford University Press},
	Title = {{HSPG} and the nature of agreement in {A}rchi},
	Year = {2016}}

@incollection{bicknich09,
	Address = {New York},
	Author = {Balthasar Bickel and Johanna Nichols},
	Booktitle = {The {Oxford} Handbook of Case},
	Date-Added = {2019-06-25 18:25:57 -0500},
	Date-Modified = {2019-06-25 18:29:56 -0500},
	Editor = {Andrej L. Malchukov and Andrew Spencer},
	Pages = {304--321},
	Publisher = {Oxford University Press},
	Title = {Case marking and alignment},
	Year = {2009}}

@inproceedings{ball17,
	Address = {Stanford, CA},
	Author = {Douglas L. Ball},
	Booktitle = {{Proceedings of the 24th International Conference on Head-Driven Phrase Structure Grammar, University of Kentucky, Lexington}},
	Date-Added = {2019-06-25 18:03:35 -0500},
	Date-Modified = {2019-06-26 00:46:34 -0500},
	Editor = {M√ºller, Stefan},
	Pages = {61--81},
	Publisher = {CSLI Publications},
	Title = {``{VP}'' Adverbs without a {VP}: The syntax of adverbs in {T}ongan},
	Url = {http://cslipublications.stanford.edu/HPSG/2017/hpsg2017-ball.pdf},
	Year = {2017},
	Bdsk-Url-1 = {http://cslipublications.stanford.edu/HPSG/2017/hpsg2017-ball.pdf}}

@inproceedings{ball11,
	Address = {Stanford, CA},
	Author = {Douglas L. Ball},
	Booktitle = {{Proceedings of the 18th International Conference on Head-Driven Phrase Structure Grammar, University of Washington}},
	Date-Added = {2019-06-25 18:03:28 -0500},
	Date-Modified = {2019-06-25 20:05:43 -0500},
	Editor = {Stefan M√ºller},
	Pages = {25--45},
	Publisher = {CSLI Publications},
	Title = {Morphology in the `Wrong' Place: The Curious Case of {C}oast {T}simshian Connectives},
	Url = {http://cslipublications.stanford.edu/HPSG/2011/ball.pdf},
	Year = {2011},
	Bdsk-Url-1 = {http://cslipublications.stanford.edu/HPSG/2011/}}

@incollection{ball10,
	Address = {Amsterdam/Philadelphia},
	Author = {Douglas L. Ball},
	Booktitle = {Austronesian and {T}heoretical {L}inguistics},
	Date-Added = {2019-06-25 18:03:19 -0500},
	Date-Modified = {2019-06-25 18:03:19 -0500},
	Editor = {Raphael Mercado and Eric Potsdam and Lisa deMena Travis},
	Pages = {249--270},
	Publisher = {John Benjamins},
	Series = {Linguistik Aktuell/Linguistics Today},
	Title = {A Unified Analysis of {Niuean} \textit{Aki}},
	Volume = {167},
	Year = {2010}}

@phdthesis{ball08thesis,
	Author = {Douglas L. Ball},
	Date-Added = {2019-06-25 18:03:10 -0500},
	Date-Modified = {2019-06-25 18:03:10 -0500},
	School = {Stanford University},
	Title = {Clause Structure and Argument Realization in {T}ongan},
	Year = {2008}}

@incollection{ball05hpsg,
	Address = {Stanford, CA},
	Author = {Douglas L. Ball},
	Booktitle = {{The Proceedings of the 12th International Conference on Head-Driven Phrase Structure Grammar, Department of Informatics, University of Lisbon}},
	Date-Added = {2019-06-25 18:02:59 -0500},
	Date-Modified = {2019-06-26 00:50:26 -0500},
	Editor = {Stefan M√ºller},
	Pages = {7--27},
	Publisher = {CSLI Publications},
	Title = {Tongan Noun Incorporation: Lexical Sharing or Argument Inheritance?},
	Url = {http://csli-publications.stanford.edu/HPSG/2005/ball.pdf},
	Year = {2005},
	Bdsk-Url-1 = {http://csli-publications.stanford.edu/HPSG/2005/ball.pdf}}

@incollection{ball05afla,
	Author = {Douglas L. Ball},
	Booktitle = {{Proceedings of the Twelfth Annual Conference of {Austronesian Formal Linguistics Association (AFLA)}}},
	Date-Added = {2019-06-25 18:02:51 -0500},
	Date-Modified = {2019-06-26 17:42:44 -0500},
	Editor = {Jeffrey Heinz and Dimitrios Ntelitheos},
	Pages = {19--33},
	Publisher = {{UCLA} Working Papers in Linguistics},
	Title = {Phrasal Incorporation in {T}ongan},
	Url = {http://phonetics.linguistics.ucla.edu/wpl/issues/wpl12/papers/Ball_AFLA12.pdf},
	Volume = {12},
	Year = {2005},
	Bdsk-Url-1 = {http://www.linguistics.ucla.edu/faciliti/wpl/issues/wpl12/papers/Ball_AFLA12.pdf},
	Bdsk-Url-2 = {http://phonetics.linguistics.ucla.edu/wpl/issues/wpl12/papers/Ball_AFLA12.pdf}}

@incollection{adger2000,
	Address = {New York},
	Author = {David Adger},
	Booktitle = {The Nature and Function of Syntactic Categories},
	Date-Added = {2019-06-25 18:02:21 -0500},
	Date-Modified = {2019-06-25 18:02:21 -0500},
	Editor = {Robert D. Borsley},
	Pages = {79--100},
	Publisher = {Academic Press},
	Title = {Feature Checking under Adjacency and {VSO} Clause Structure},
	Year = {2000}}

@incollection{abegod04,
	Address = {Amsterdam},
	Author = {Anne Abeill√© and Dani√®le Godard},
	Booktitle = {Current Studies in Comparative {R}omance Linguistics},
	Date-Added = {2019-06-25 17:59:45 -0500},
	Date-Modified = {2019-06-25 17:59:45 -0500},
	Editor = {Martine Coene and Gretel de Cuyper and Yves d'Hulst},
	Pages = {1--39},
	Publisher = {John Benjamins},
	Title = {The Syntax of {F}rench Adverbs without Functional Projections},
	Year = {2004}}

@incollection{abbott91,
	Address = {Berlin},
	Author = {Miriam Abbott},
	Booktitle = {Handbook of {A}mazonian Languages},
	Date-Added = {2019-06-25 17:59:25 -0500},
	Date-Modified = {2019-06-25 17:59:25 -0500},
	Editor = {Desmond C. Derbyshire and Geoffrey K. Pullum},
	Pages = {23--160},
	Publisher = {Mouton de Gruyter},
	Title = {Macushi},
	Volume = {3},
	Year = {1991}}

@book{woukross02,
	Address = {Canberra},
	Date-Added = {2019-06-25 23:58:16 -0500},
	Date-Modified = {2019-06-25 23:58:16 -0500},
	Editor = {Fay Wouk and Malcolm Ross},
	Publisher = {Pacific Linguistics},
	Title = {The History and Typology of Western {A}ustronesian Voice Systems},
	Year = 2002}

@book{WKK99,
	Address = {Stanford, CA},
	Date-Added = {2019-06-25 23:17:39 -0500},
	Date-Modified = {2019-06-25 23:17:39 -0500},
	Editor = {Gert Webelhuth and {Jean-Pierre} Koenig and Andreas Kathol},
	Publisher = {CSLI Publications},
	Title = {Lexical and Constructional Aspects of Linguistic Explanation},
	Year = {1999}}

@book{li76,
	Address = {New York},
	Date-Added = {2019-06-25 20:45:45 -0500},
	Date-Modified = {2019-06-25 20:45:45 -0500},
	Editor = {Charles N. Li},
	Publisher = {Academic Press},
	Title = {Subject and Topic},
	Year = {1976}}

@book{dryhaspWALS,
	Address = {Leipzig},
	Date-Added = {2019-06-25 20:11:03 -0500},
	Date-Modified = {2019-06-25 20:11:03 -0500},
	Editor = {Matthew S. Dryer and Martin Haspelmath},
	Publisher = {Max Planck Institute for Evolutionary Anthropology},
	Title = {The World Atlas of Language Structures Online},
	Year = {2013}}
