@incollection{chapters/properties,author={Bob Borsley  and  Anne Abeillé},title={{Basic properties and elements}},booktitle={{Head-Driven Phrase Structure Grammar{: The handbook}}},editor={Stefan Müller and  Anne Abeillé and  Robert D. Borsley  and  Jean-​Pierre Koenig},publisher={Language Science Press.},Address={Berlin},year={2019},pages={3--5},doi={??},keywords={withinvolume}}
@incollection{chapters/propertiesfooter,author={Bob Borsley  and  Anne Abeillé},title={{Basic properties and elements}},booktitle={{Head-Driven Phrase Structure Grammar{: The handbook}}},editor={Stefan Müller and  Anne Abeillé and  Robert D. Borsley  and  Jean-​Pierre Koenig},publisher={Language Science Press.},Address={Berlin},year={2019},pages={3--5},doi={??},options={dataonly=true}}
@incollection{chapters/evolution,author={Dan Flickinger and  Carl Pollard   and  Tom Wasow},title={{The evolution of HPSG}},booktitle={{Head-Driven Phrase Structure Grammar{: The handbook}}},editor={Stefan Müller and  Anne Abeillé and  Robert D. Borsley  and  Jean-​Pierre Koenig},publisher={Language Science Press.},Address={Berlin},year={2019},pages={7--43},doi={??},keywords={withinvolume}}
@incollection{chapters/evolutionfooter,author={Dan Flickinger and  Carl Pollard   and  Tom Wasow},title={{The evolution of HPSG}},booktitle={{Head-Driven Phrase Structure Grammar{: The handbook}}},editor={Stefan Müller and  Anne Abeillé and  Robert D. Borsley  and  Jean-​Pierre Koenig},publisher={Language Science Press.},Address={Berlin},year={2019},pages={7--43},doi={??},options={dataonly=true}}
@incollection{chapters/formal-background,author={Frank Richter},title={{Formal Background}},booktitle={{Head-Driven Phrase Structure Grammar{: The handbook}}},editor={Stefan Müller and  Anne Abeillé and  Robert D. Borsley  and  Jean-​Pierre Koenig},publisher={Language Science Press.},Address={Berlin},year={2019},pages={45--65},doi={??},keywords={withinvolume}}
@incollection{chapters/formal-backgroundfooter,author={Frank Richter},title={{Formal Background}},booktitle={{Head-Driven Phrase Structure Grammar{: The handbook}}},editor={Stefan Müller and  Anne Abeillé and  Robert D. Borsley  and  Jean-​Pierre Koenig},publisher={Language Science Press.},Address={Berlin},year={2019},pages={45--65},doi={??},options={dataonly=true}}
@incollection{chapters/lexicon,author={Anthony Davis  and  Jean-Pierre Koenig},title={{The nature and role of the lexicon in HPSG}},booktitle={{Head-Driven Phrase Structure Grammar{: The handbook}}},editor={Stefan Müller and  Anne Abeillé and  Robert D. Borsley  and  Jean-​Pierre Koenig},publisher={Language Science Press.},Address={Berlin},year={2019},pages={67--113},doi={??},keywords={withinvolume}}
@incollection{chapters/lexiconfooter,author={Anthony Davis  and  Jean-Pierre Koenig},title={{The nature and role of the lexicon in HPSG}},booktitle={{Head-Driven Phrase Structure Grammar{: The handbook}}},editor={Stefan Müller and  Anne Abeillé and  Robert D. Borsley  and  Jean-​Pierre Koenig},publisher={Language Science Press.},Address={Berlin},year={2019},pages={67--113},doi={??},options={dataonly=true}}
@incollection{chapters/understudied-languages,author={Douglas L. Ball},title={{HPSG in understudied languages}},booktitle={{Head-Driven Phrase Structure Grammar{: The handbook}}},editor={Stefan Müller and  Anne Abeillé and  Robert D. Borsley  and  Jean-​Pierre Koenig},publisher={Language Science Press.},Address={Berlin},year={2019},pages={115--149},doi={??},keywords={withinvolume}}
@incollection{chapters/understudied-languagesfooter,author={Douglas L. Ball},title={{HPSG in understudied languages}},booktitle={{Head-Driven Phrase Structure Grammar{: The handbook}}},editor={Stefan Müller and  Anne Abeillé and  Robert D. Borsley  and  Jean-​Pierre Koenig},publisher={Language Science Press.},Address={Berlin},year={2019},pages={115--149},doi={??},options={dataonly=true}}
@incollection{chapters/agreement,author={Stephen Wechsler},title={{Agreement}},booktitle={{Head-Driven Phrase Structure Grammar{: The handbook}}},editor={Stefan Müller and  Anne Abeillé and  Robert D. Borsley  and  Jean-​Pierre Koenig},publisher={Language Science Press.},Address={Berlin},year={2019},pages={153--176},doi={??},keywords={withinvolume}}
@incollection{chapters/agreementfooter,author={Stephen Wechsler},title={{Agreement}},booktitle={{Head-Driven Phrase Structure Grammar{: The handbook}}},editor={Stefan Müller and  Anne Abeillé and  Robert D. Borsley  and  Jean-​Pierre Koenig},publisher={Language Science Press.},Address={Berlin},year={2019},pages={153--176},doi={??},options={dataonly=true}}
@incollection{chapters/case,author={Adam Przepiórkows­ki},title={{Case}},booktitle={{Head-Driven Phrase Structure Grammar{: The handbook}}},editor={Stefan Müller and  Anne Abeillé and  Robert D. Borsley  and  Jean-​Pierre Koenig},publisher={Language Science Press.},Address={Berlin},year={2019},pages={177--205},doi={??},keywords={withinvolume}}
@incollection{chapters/casefooter,author={Adam Przepiórkows­ki},title={{Case}},booktitle={{Head-Driven Phrase Structure Grammar{: The handbook}}},editor={Stefan Müller and  Anne Abeillé and  Robert D. Borsley  and  Jean-​Pierre Koenig},publisher={Language Science Press.},Address={Berlin},year={2019},pages={177--205},doi={??},options={dataonly=true}}
@incollection{chapters/np,author={Frank Van Eynde},title={{Nominal structures}},booktitle={{Head-Driven Phrase Structure Grammar{: The handbook}}},editor={Stefan Müller and  Anne Abeillé and  Robert D. Borsley  and  Jean-​Pierre Koenig},publisher={Language Science Press.},Address={Berlin},year={2019},pages={207--245},doi={??},keywords={withinvolume}}
@incollection{chapters/npfooter,author={Frank Van Eynde},title={{Nominal structures}},booktitle={{Head-Driven Phrase Structure Grammar{: The handbook}}},editor={Stefan Müller and  Anne Abeillé and  Robert D. Borsley  and  Jean-​Pierre Koenig},publisher={Language Science Press.},Address={Berlin},year={2019},pages={207--245},doi={??},options={dataonly=true}}
@incollection{chapters/arg-st,author={Stephen Wechsler and  Jean-Pierre Koenig  and  Anthony Davis},title={{Argument structure and linking}},booktitle={{Head-Driven Phrase Structure Grammar{: The handbook}}},editor={Stefan Müller and  Anne Abeillé and  Robert D. Borsley  and  Jean-​Pierre Koenig},publisher={Language Science Press.},Address={Berlin},year={2019},pages={247--288},doi={??},keywords={withinvolume}}
@incollection{chapters/arg-stfooter,author={Stephen Wechsler and  Jean-Pierre Koenig  and  Anthony Davis},title={{Argument structure and linking}},booktitle={{Head-Driven Phrase Structure Grammar{: The handbook}}},editor={Stefan Müller and  Anne Abeillé and  Robert D. Borsley  and  Jean-​Pierre Koenig},publisher={Language Science Press.},Address={Berlin},year={2019},pages={247--288},doi={??},options={dataonly=true}}
@incollection{chapters/order,author={Stefan Müller},title={{Constituent order}},booktitle={{Head-Driven Phrase Structure Grammar{: The handbook}}},editor={Stefan Müller and  Anne Abeillé and  Robert D. Borsley  and  Jean-​Pierre Koenig},publisher={Language Science Press.},Address={Berlin},year={2019},pages={289--334},doi={??},keywords={withinvolume}}
@incollection{chapters/orderfooter,author={Stefan Müller},title={{Constituent order}},booktitle={{Head-Driven Phrase Structure Grammar{: The handbook}}},editor={Stefan Müller and  Anne Abeillé and  Robert D. Borsley  and  Jean-​Pierre Koenig},publisher={Language Science Press.},Address={Berlin},year={2019},pages={289--334},doi={??},options={dataonly=true}}
@incollection{chapters/clitics,author={Berthold Crysmann  and  Gerald Penn},title={{Clitics}},booktitle={{Head-Driven Phrase Structure Grammar{: The handbook}}},editor={Stefan Müller and  Anne Abeillé and  Robert D. Borsley  and  Jean-​Pierre Koenig},publisher={Language Science Press.},Address={Berlin},year={2019},pages={335--336},doi={??},keywords={withinvolume}}
@incollection{chapters/cliticsfooter,author={Berthold Crysmann  and  Gerald Penn},title={{Clitics}},booktitle={{Head-Driven Phrase Structure Grammar{: The handbook}}},editor={Stefan Müller and  Anne Abeillé and  Robert D. Borsley  and  Jean-​Pierre Koenig},publisher={Language Science Press.},Address={Berlin},year={2019},pages={335--336},doi={??},options={dataonly=true}}
@incollection{chapters/complex-predicates,author={Danièle Godard  and  Pollet Samvelian },title={{Complex predicates}},booktitle={{Head-Driven Phrase Structure Grammar{: The handbook}}},editor={Stefan Müller and  Anne Abeillé and  Robert D. Borsley  and  Jean-​Pierre Koenig},publisher={Language Science Press.},Address={Berlin},year={2019},pages={337--395},doi={??},keywords={withinvolume}}
@incollection{chapters/complex-predicatesfooter,author={Danièle Godard  and  Pollet Samvelian },title={{Complex predicates}},booktitle={{Head-Driven Phrase Structure Grammar{: The handbook}}},editor={Stefan Müller and  Anne Abeillé and  Robert D. Borsley  and  Jean-​Pierre Koenig},publisher={Language Science Press.},Address={Berlin},year={2019},pages={337--395},doi={??},options={dataonly=true}}
@incollection{chapters/control-raising,author={Anne Abeillé},title={{Control and raising}},booktitle={{Head-Driven Phrase Structure Grammar{: The handbook}}},editor={Stefan Müller and  Anne Abeillé and  Robert D. Borsley  and  Jean-​Pierre Koenig},publisher={Language Science Press.},Address={Berlin},year={2019},pages={397--398},doi={??},keywords={withinvolume}}
@incollection{chapters/control-raisingfooter,author={Anne Abeillé},title={{Control and raising}},booktitle={{Head-Driven Phrase Structure Grammar{: The handbook}}},editor={Stefan Müller and  Anne Abeillé and  Robert D. Borsley  and  Jean-​Pierre Koenig},publisher={Language Science Press.},Address={Berlin},year={2019},pages={397--398},doi={??},options={dataonly=true}}
@incollection{chapters/udc,author={Robert D. Borsley   and  Berthold Crysmann },title={{Unbounded Dependencies}},booktitle={{Head-Driven Phrase Structure Grammar{: The handbook}}},editor={Stefan Müller and  Anne Abeillé and  Robert D. Borsley  and  Jean-​Pierre Koenig},publisher={Language Science Press.},Address={Berlin},year={2019},pages={399--443},doi={??},keywords={withinvolume}}
@incollection{chapters/udcfooter,author={Robert D. Borsley   and  Berthold Crysmann },title={{Unbounded Dependencies}},booktitle={{Head-Driven Phrase Structure Grammar{: The handbook}}},editor={Stefan Müller and  Anne Abeillé and  Robert D. Borsley  and  Jean-​Pierre Koenig},publisher={Language Science Press.},Address={Berlin},year={2019},pages={399--443},doi={??},options={dataonly=true}}
@incollection{chapters/relative-clauses,author={Doug Arnold  and  Danièle Godard },title={{Relative clauses in HPSG}},booktitle={{Head-Driven Phrase Structure Grammar{: The handbook}}},editor={Stefan Müller and  Anne Abeillé and  Robert D. Borsley  and  Jean-​Pierre Koenig},publisher={Language Science Press.},Address={Berlin},year={2019},pages={445--505},doi={??},keywords={withinvolume}}
@incollection{chapters/relative-clausesfooter,author={Doug Arnold  and  Danièle Godard },title={{Relative clauses in HPSG}},booktitle={{Head-Driven Phrase Structure Grammar{: The handbook}}},editor={Stefan Müller and  Anne Abeillé and  Robert D. Borsley  and  Jean-​Pierre Koenig},publisher={Language Science Press.},Address={Berlin},year={2019},pages={445--505},doi={??},options={dataonly=true}}
@incollection{chapters/islands,author={Rui Chaves},title={{Island phenomena and related matters}},booktitle={{Head-Driven Phrase Structure Grammar{: The handbook}}},editor={Stefan Müller and  Anne Abeillé and  Robert D. Borsley  and  Jean-​Pierre Koenig},publisher={Language Science Press.},Address={Berlin},year={2019},pages={507--560},doi={??},keywords={withinvolume}}
@incollection{chapters/islandsfooter,author={Rui Chaves},title={{Island phenomena and related matters}},booktitle={{Head-Driven Phrase Structure Grammar{: The handbook}}},editor={Stefan Müller and  Anne Abeillé and  Robert D. Borsley  and  Jean-​Pierre Koenig},publisher={Language Science Press.},Address={Berlin},year={2019},pages={507--560},doi={??},options={dataonly=true}}
@incollection{chapters/coordination,author={Anne Abeillé   and  Rui P. Chaves},title={{Coordination}},booktitle={{Head-Driven Phrase Structure Grammar{: The handbook}}},editor={Stefan Müller and  Anne Abeillé and  Robert D. Borsley  and  Jean-​Pierre Koenig},publisher={Language Science Press.},Address={Berlin},year={2019},pages={561--608},doi={??},keywords={withinvolume}}
@incollection{chapters/coordinationfooter,author={Anne Abeillé   and  Rui P. Chaves},title={{Coordination}},booktitle={{Head-Driven Phrase Structure Grammar{: The handbook}}},editor={Stefan Müller and  Anne Abeillé and  Robert D. Borsley  and  Jean-​Pierre Koenig},publisher={Language Science Press.},Address={Berlin},year={2019},pages={561--608},doi={??},options={dataonly=true}}
@incollection{chapters/idioms,author={Manfred Sailer},title={{Idioms}},booktitle={{Head-Driven Phrase Structure Grammar{: The handbook}}},editor={Stefan Müller and  Anne Abeillé and  Robert D. Borsley  and  Jean-​Pierre Koenig},publisher={Language Science Press.},Address={Berlin},year={2019},pages={609--641},doi={??},keywords={withinvolume}}
@incollection{chapters/idiomsfooter,author={Manfred Sailer},title={{Idioms}},booktitle={{Head-Driven Phrase Structure Grammar{: The handbook}}},editor={Stefan Müller and  Anne Abeillé and  Robert D. Borsley  and  Jean-​Pierre Koenig},publisher={Language Science Press.},Address={Berlin},year={2019},pages={609--641},doi={??},options={dataonly=true}}
@incollection{chapters/negation,author={Jong-Bok Kim},title={{Negation}},booktitle={{Head-Driven Phrase Structure Grammar{: The handbook}}},editor={Stefan Müller and  Anne Abeillé and  Robert D. Borsley  and  Jean-​Pierre Koenig},publisher={Language Science Press.},Address={Berlin},year={2019},pages={643--674},doi={??},keywords={withinvolume}}
@incollection{chapters/negationfooter,author={Jong-Bok Kim},title={{Negation}},booktitle={{Head-Driven Phrase Structure Grammar{: The handbook}}},editor={Stefan Müller and  Anne Abeillé and  Robert D. Borsley  and  Jean-​Pierre Koenig},publisher={Language Science Press.},Address={Berlin},year={2019},pages={643--674},doi={??},options={dataonly=true}}
@incollection{chapters/ellipsis,author={Joanna Nykiel  and  Jong-Bok Kim},title={{Ellipsis}},booktitle={{Head-Driven Phrase Structure Grammar{: The handbook}}},editor={Stefan Müller and  Anne Abeillé and  Robert D. Borsley  and  Jean-​Pierre Koenig},publisher={Language Science Press.},Address={Berlin},year={2019},pages={675--702},doi={??},keywords={withinvolume}}
@incollection{chapters/ellipsisfooter,author={Joanna Nykiel  and  Jong-Bok Kim},title={{Ellipsis}},booktitle={{Head-Driven Phrase Structure Grammar{: The handbook}}},editor={Stefan Müller and  Anne Abeillé and  Robert D. Borsley  and  Jean-​Pierre Koenig},publisher={Language Science Press.},Address={Berlin},year={2019},pages={675--702},doi={??},options={dataonly=true}}
@incollection{chapters/binding,author={António Branco },title={{Anaphoric Binding}},booktitle={{Head-Driven Phrase Structure Grammar{: The handbook}}},editor={Stefan Müller and  Anne Abeillé and  Robert D. Borsley  and  Jean-​Pierre Koenig},publisher={Language Science Press.},Address={Berlin},year={2019},pages={703--755},doi={??},keywords={withinvolume}}
@incollection{chapters/bindingfooter,author={António Branco },title={{Anaphoric Binding}},booktitle={{Head-Driven Phrase Structure Grammar{: The handbook}}},editor={Stefan Müller and  Anne Abeillé and  Robert D. Borsley  and  Jean-​Pierre Koenig},publisher={Language Science Press.},Address={Berlin},year={2019},pages={703--755},doi={??},options={dataonly=true}}
@incollection{chapters/morphology,author={Berthold Crysmann },title={{Morphology}},booktitle={{Head-Driven Phrase Structure Grammar{: The handbook}}},editor={Stefan Müller and  Anne Abeillé and  Robert D. Borsley  and  Jean-​Pierre Koenig},publisher={Language Science Press.},Address={Berlin},year={2019},pages={759--801},doi={??},keywords={withinvolume}}
@incollection{chapters/morphologyfooter,author={Berthold Crysmann },title={{Morphology}},booktitle={{Head-Driven Phrase Structure Grammar{: The handbook}}},editor={Stefan Müller and  Anne Abeillé and  Robert D. Borsley  and  Jean-​Pierre Koenig},publisher={Language Science Press.},Address={Berlin},year={2019},pages={759--801},doi={??},options={dataonly=true}}
@incollection{chapters/semantics,author={Jean-Pierre Koenig  and  Frank Richter},title={{Semantics}},booktitle={{Head-Driven Phrase Structure Grammar{: The handbook}}},editor={Stefan Müller and  Anne Abeillé and  Robert D. Borsley  and  Jean-​Pierre Koenig},publisher={Language Science Press.},Address={Berlin},year={2019},pages={803--841},doi={??},keywords={withinvolume}}
@incollection{chapters/semanticsfooter,author={Jean-Pierre Koenig  and  Frank Richter},title={{Semantics}},booktitle={{Head-Driven Phrase Structure Grammar{: The handbook}}},editor={Stefan Müller and  Anne Abeillé and  Robert D. Borsley  and  Jean-​Pierre Koenig},publisher={Language Science Press.},Address={Berlin},year={2019},pages={803--841},doi={??},options={dataonly=true}}
@incollection{chapters/information-structure,author={Kordula De Kuthy},title={{Information structure}},booktitle={{Head-Driven Phrase Structure Grammar{: The handbook}}},editor={Stefan Müller and  Anne Abeillé and  Robert D. Borsley  and  Jean-​Pierre Koenig},publisher={Language Science Press.},Address={Berlin},year={2019},pages={843--877},doi={??},keywords={withinvolume}}
@incollection{chapters/information-structurefooter,author={Kordula De Kuthy},title={{Information structure}},booktitle={{Head-Driven Phrase Structure Grammar{: The handbook}}},editor={Stefan Müller and  Anne Abeillé and  Robert D. Borsley  and  Jean-​Pierre Koenig},publisher={Language Science Press.},Address={Berlin},year={2019},pages={843--877},doi={??},options={dataonly=true}}
@incollection{chapters/diachronic,author={Ulrike Demske},title={{Diachronic syntax}},booktitle={{Head-Driven Phrase Structure Grammar{: The handbook}}},editor={Stefan Müller and  Anne Abeillé and  Robert D. Borsley  and  Jean-​Pierre Koenig},publisher={Language Science Press.},Address={Berlin},year={2019},pages={881--906},doi={??},keywords={withinvolume}}
@incollection{chapters/diachronicfooter,author={Ulrike Demske},title={{Diachronic syntax}},booktitle={{Head-Driven Phrase Structure Grammar{: The handbook}}},editor={Stefan Müller and  Anne Abeillé and  Robert D. Borsley  and  Jean-​Pierre Koenig},publisher={Language Science Press.},Address={Berlin},year={2019},pages={881--906},doi={??},options={dataonly=true}}
@incollection{chapters/acquisition,author={Jonathan Ginzburg},title={{Acquisition}},booktitle={{Head-Driven Phrase Structure Grammar{: The handbook}}},editor={Stefan Müller and  Anne Abeillé and  Robert D. Borsley  and  Jean-​Pierre Koenig},publisher={Language Science Press.},Address={Berlin},year={2019},pages={907--908},doi={??},keywords={withinvolume}}
@incollection{chapters/acquisitionfooter,author={Jonathan Ginzburg},title={{Acquisition}},booktitle={{Head-Driven Phrase Structure Grammar{: The handbook}}},editor={Stefan Müller and  Anne Abeillé and  Robert D. Borsley  and  Jean-​Pierre Koenig},publisher={Language Science Press.},Address={Berlin},year={2019},pages={907--908},doi={??},options={dataonly=true}}
@incollection{chapters/processing,author={Tom Wasow},title={{Processing}},booktitle={{Head-Driven Phrase Structure Grammar{: The handbook}}},editor={Stefan Müller and  Anne Abeillé and  Robert D. Borsley  and  Jean-​Pierre Koenig},publisher={Language Science Press.},Address={Berlin},year={2019},pages={909--930},doi={??},keywords={withinvolume}}
@incollection{chapters/processingfooter,author={Tom Wasow},title={{Processing}},booktitle={{Head-Driven Phrase Structure Grammar{: The handbook}}},editor={Stefan Müller and  Anne Abeillé and  Robert D. Borsley  and  Jean-​Pierre Koenig},publisher={Language Science Press.},Address={Berlin},year={2019},pages={909--930},doi={??},options={dataonly=true}}
@incollection{chapters/cl,author={Emily M.\ Bender  and  Guy Emerson },title={{Computational linguistics and grammar engineering}},booktitle={{Head-Driven Phrase Structure Grammar{: The handbook}}},editor={Stefan Müller and  Anne Abeillé and  Robert D. Borsley  and  Jean-​Pierre Koenig},publisher={Language Science Press.},Address={Berlin},year={2019},pages={931--975},doi={??},keywords={withinvolume}}
@incollection{chapters/clfooter,author={Emily M.\ Bender  and  Guy Emerson },title={{Computational linguistics and grammar engineering}},booktitle={{Head-Driven Phrase Structure Grammar{: The handbook}}},editor={Stefan Müller and  Anne Abeillé and  Robert D. Borsley  and  Jean-​Pierre Koenig},publisher={Language Science Press.},Address={Berlin},year={2019},pages={931--975},doi={??},options={dataonly=true}}
@incollection{chapters/pragmatics,author={Andy Lücking and  Jonathan Ginzburg  and  Robin Cooper},title={{Grammar in dialogue}},booktitle={{Head-Driven Phrase Structure Grammar{: The handbook}}},editor={Stefan Müller and  Anne Abeillé and  Robert D. Borsley  and  Jean-​Pierre Koenig},publisher={Language Science Press.},Address={Berlin},year={2019},pages={977--1020},doi={??},keywords={withinvolume}}
@incollection{chapters/pragmaticsfooter,author={Andy Lücking and  Jonathan Ginzburg  and  Robin Cooper},title={{Grammar in dialogue}},booktitle={{Head-Driven Phrase Structure Grammar{: The handbook}}},editor={Stefan Müller and  Anne Abeillé and  Robert D. Borsley  and  Jean-​Pierre Koenig},publisher={Language Science Press.},Address={Berlin},year={2019},pages={977--1020},doi={??},options={dataonly=true}}
@incollection{chapters/sign-lg,author={Markus Steinbach  and  Anke Holler},title={{Sign languages}},booktitle={{Head-Driven Phrase Structure Grammar{: The handbook}}},editor={Stefan Müller and  Anne Abeillé and  Robert D. Borsley  and  Jean-​Pierre Koenig},publisher={Language Science Press.},Address={Berlin},year={2019},pages={1021--1022},doi={??},keywords={withinvolume}}
@incollection{chapters/sign-lgfooter,author={Markus Steinbach  and  Anke Holler},title={{Sign languages}},booktitle={{Head-Driven Phrase Structure Grammar{: The handbook}}},editor={Stefan Müller and  Anne Abeillé and  Robert D. Borsley  and  Jean-​Pierre Koenig},publisher={Language Science Press.},Address={Berlin},year={2019},pages={1021--1022},doi={??},options={dataonly=true}}
@incollection{chapters/gesture,author={Andy Lücking},title={{Gesture}},booktitle={{Head-Driven Phrase Structure Grammar{: The handbook}}},editor={Stefan Müller and  Anne Abeillé and  Robert D. Borsley  and  Jean-​Pierre Koenig},publisher={Language Science Press.},Address={Berlin},year={2019},pages={1023--1071},doi={??},keywords={withinvolume}}
@incollection{chapters/gesturefooter,author={Andy Lücking},title={{Gesture}},booktitle={{Head-Driven Phrase Structure Grammar{: The handbook}}},editor={Stefan Müller and  Anne Abeillé and  Robert D. Borsley  and  Jean-​Pierre Koenig},publisher={Language Science Press.},Address={Berlin},year={2019},pages={1023--1071},doi={??},options={dataonly=true}}
@incollection{chapters/minimalism,author={Robert D.\ Borsley  and  Stefan Müller},title={{HPSG and Minimalism}},booktitle={{Head-Driven Phrase Structure Grammar{: The handbook}}},editor={Stefan Müller and  Anne Abeillé and  Robert D. Borsley  and  Jean-​Pierre Koenig},publisher={Language Science Press.},Address={Berlin},year={2019},pages={1075--1147},doi={??},keywords={withinvolume}}
@incollection{chapters/minimalismfooter,author={Robert D.\ Borsley  and  Stefan Müller},title={{HPSG and Minimalism}},booktitle={{Head-Driven Phrase Structure Grammar{: The handbook}}},editor={Stefan Müller and  Anne Abeillé and  Robert D. Borsley  and  Jean-​Pierre Koenig},publisher={Language Science Press.},Address={Berlin},year={2019},pages={1075--1147},doi={??},options={dataonly=true}}
@incollection{chapters/cg,author={Yusuke Kubota},title={{HPSG and Categorial Grammar}},booktitle={{Head-Driven Phrase Structure Grammar{: The handbook}}},editor={Stefan Müller and  Anne Abeillé and  Robert D. Borsley  and  Jean-​Pierre Koenig},publisher={Language Science Press.},Address={Berlin},year={2019},pages={1149--1205},doi={??},keywords={withinvolume}}
@incollection{chapters/cgfooter,author={Yusuke Kubota},title={{HPSG and Categorial Grammar}},booktitle={{Head-Driven Phrase Structure Grammar{: The handbook}}},editor={Stefan Müller and  Anne Abeillé and  Robert D. Borsley  and  Jean-​Pierre Koenig},publisher={Language Science Press.},Address={Berlin},year={2019},pages={1149--1205},doi={??},options={dataonly=true}}
@incollection{chapters/lfg,author={Stephen Wechsler  and  Ash Asudeh },title={{HPSG and Lexical Functional Grammar}},booktitle={{Head-Driven Phrase Structure Grammar{: The handbook}}},editor={Stefan Müller and  Anne Abeillé and  Robert D. Borsley  and  Jean-​Pierre Koenig},publisher={Language Science Press.},Address={Berlin},year={2019},pages={1207--1211},doi={??},keywords={withinvolume}}
@incollection{chapters/lfgfooter,author={Stephen Wechsler  and  Ash Asudeh },title={{HPSG and Lexical Functional Grammar}},booktitle={{Head-Driven Phrase Structure Grammar{: The handbook}}},editor={Stefan Müller and  Anne Abeillé and  Robert D. Borsley  and  Jean-​Pierre Koenig},publisher={Language Science Press.},Address={Berlin},year={2019},pages={1207--1211},doi={??},options={dataonly=true}}
@incollection{chapters/dg,author={Dick Hudson},title={{HPSG and Dependency Grammar}},booktitle={{Head-Driven Phrase Structure Grammar{: The handbook}}},editor={Stefan Müller and  Anne Abeillé and  Robert D. Borsley  and  Jean-​Pierre Koenig},publisher={Language Science Press.},Address={Berlin},year={2019},pages={1213--1258},doi={??},keywords={withinvolume}}
@incollection{chapters/dgfooter,author={Dick Hudson},title={{HPSG and Dependency Grammar}},booktitle={{Head-Driven Phrase Structure Grammar{: The handbook}}},editor={Stefan Müller and  Anne Abeillé and  Robert D. Borsley  and  Jean-​Pierre Koenig},publisher={Language Science Press.},Address={Berlin},year={2019},pages={1213--1258},doi={??},options={dataonly=true}}
@incollection{chapters/cxg,author={Stefan Müller},title={{HPSG and Construction Grammar}},booktitle={{Head-Driven Phrase Structure Grammar{: The handbook}}},editor={Stefan Müller and  Anne Abeillé and  Robert D. Borsley  and  Jean-​Pierre Koenig},publisher={Language Science Press.},Address={Berlin},year={2019},pages={1259--1311},doi={??},keywords={withinvolume}}
@incollection{chapters/cxgfooter,author={Stefan Müller},title={{HPSG and Construction Grammar}},booktitle={{Head-Driven Phrase Structure Grammar{: The handbook}}},editor={Stefan Müller and  Anne Abeillé and  Robert D. Borsley  and  Jean-​Pierre Koenig},publisher={Language Science Press.},Address={Berlin},year={2019},pages={1259--1311},doi={??},options={dataonly=true}}
