@BOOK{Meier2017,
  author = {Jane Meier},
  year = {2017},
  title = {Language Universals and Linguistic Typology},
  address = {Oxford},
  publisher = {Basil Blackwell} 
}

@book{HuybregtsRiemsdijk.1982,
	author = {Huybregts, Riny and Riemsdijk, Henk van},
	year = {1982},
	title = {Noam Chomsky on the {Generative} {Enterprise}},
	address = {Dordrecht},
	publisher = {Foris} 
}

@book{AounLi.2003,
	author = {Aoun, Joseph E. and Li, Yen-hui Audrey},
	year = {2003},
	title = {Essays on the Representational and Derivational Nature of Grammar},
	address = {Cambridge, MA},
	publisher = {MIT Press}
}

@book{Postal.2010,
	author = {Postal, Paul M.},
	year = {2010},
	title = {Edge-Based Clausal Syntax: {A} Study of (Mostly) {English} Object Structure},
	address = {Cambridge, MA},
	publisher = {MIT Press}
}

@incollection{Borsley.2017,
	author = {Borsley, Robert D.},
	year = {2017},
	title = {Explanations and `engineering solutions'? {Aspects} of the relation between {Minimalism} and {HPSG}?},
	booktitle = {Proceedings of the HPSG17 Conference},
	editor = {M\"{u}ller, Stefan},
	address = {Stanford},
	publisher = {CSLI Publications},
	pages = {82--102}
}

@incoolection{Chomsky.1977,
	author = {Chomsky, Noam},
	year = {1977},
	title = {On \emph{wh}-movement},
	booktitle = {Formal Syntax},
	editor = {Culicover, Peter and Wasow, Tom and Akmajian, Adrian},
	address = {New York},
	publisher = {Academic Press},
	pages = {71--132}
}

@book{JonesThomas.1977,
	author = {Jones, Morris and Thomas, Alun R.},
	year = {1977},
	title = {The {Welsh} Language: {Studies} in its Syntax and Semantics},
	address = {Cardiff},
	publisher = {University of Wales Press}
}

@article{Sproat.1985,
	author = {Sproat, Richard},
	year = {1985},
	title = {Welsh Syntax and {VSO} Structure},
	journal = {Natural Language and Linguistic Theory },
	volume = {3},
	number = {2},
	pages = {173--216}
}

@book{Sadler.1988,
	author = {Sadler, Louisa},
	year = {1988},
	title = {Welsh Syntax: {A} {Government-Binding} Approach},
	address = {London},
	publisher = {Croom Helm},
        doi = {10.4324/9781315518732},
}

@book{Rouveret.1994,
	author = {Rouveret, Alain},
	year = {1994},
	title = {Syntaxe du gallois: principes généraux et typologie},
	address = {Paris},
	publisher = {Editions du CNRS}
}

@book{Roberts.2005,
	author = {Roberts, Ian},
	year = {2005},
	title = {Principles and {Parameters} in a {VSO} Language: {A} Case Study in {Welsh}},
	address = {Oxford},
	publisher = {Oxford University Press}
}

@article{Borsley.2006b,
	author = {Borsley, Robert D.},
	year = {2006},
	title = {On the nature of {Welsh} {VSO} clauses},
	journal = {Lingua},
	volume = {116},
	number = {4},
	pages = {462--490}
}

@incollection{Borsley.2016,
	author = {Borsley, Robert D.},
	year = {2016},
	title = {{HPSG} and the Nature of Agreement in {Archi}},
	booktitle = {Archi: {Complexities} of Agreement in Cross-Theoretical Perspective},
	editor = {Bond, Oliver and Corbett, Greville G. and Chumakina, Marina and Brown, Dunstan},
	address = {Oxford},
	publisher = {Oxford University Press},
	pages = {118--149}
}


@incollection{Borsley.2010,
	author = {Borsley, Robert D.},
	year = {2010},
	title = {An {HPSG} approach to {Welsh} unbounded dependencies},
        crossref = {Mueller2010a-ed},
	pages = {47--67}
}

@incollection{Willis.2011,
	author = {Willis, David},
	year = {2011},
	title = {The limits of resumption in {Welsh} \emph{wh}-dependencies},
	booktitle = {Resumptive pronouns at the Interfaces},
	editor = {Rouveret, Alain},
	address = {Amsterdam},
	publisher = benjamins,
	pages = {189--222}
}

@incollection{McCloskey.2006,
	author = {McCloskey, James},
	year = {2006},
	title = {Resumption},
	booktitle = {The Blackwell Companion to Syntax},
	editor = {Everaert, Martin and Riemsdijk, Henk van},
	address = {Oxford},
	publisher = blackwell,
	pages = {94--117}
}

@book{Boeckx.2003,
	author = {Boeckx, Cedric},
	year = {2003},
	title = {Islands and Chains},
	address = {Amsterdam},
	publisher = benjamins
}

@incollection{Crysmann2016a-u,
	author = {Crysmann, Berthold},
	year = {2016},
	title = {An Underspecification Approach to {Hausa} Resumption},
	pages = {194--214},
        crossref = {HeadLex2016}
}

@incollection{Fodor.2001b,
	author = {Fodor, Janet Dean},
	year ={2001},
	title = {Setting syntactic parameters},
	booktitle = {The Handbook of Contemporary Syntactic Theory},
	editor = {Baltin, Mark and Collins, Chris},
	address = {Oxford},
	publisher = blackwell,
	pages = {730--767}
}

@misc{Newmeyer.2006,
	author = {Newmeyer, Frederick J.},
	year = {2006},
	title = {A rejoinder to `{On} the role of parameters in {Universal} {Grammar}: a reply to {Newmeyer}' by {Ian} {Roberts} and {Anders} {Holmberg}},
	note = {available from \url{http://ling.auf.net/lingBuzz}}
}

@incollection{Boeckx.2011,
	author = {Boeckx, Cedric},
	year = {2011},
	title = {Approaching parameters from below},
	booktitle = {The biolinguistic enterprise: {New} perspectives on the evolution and nature of the human language faculty},
	editor = {Di Sciullo, Anna Maria and Boeckx, Cedric},
	address = {Oxford},
	publisher = {Oxford University Press},
	pages = {205--221}
}